2034 2803
683 179 1022 234 =====(257)
1058 199 1210 219 τὲ

139 296 234 337 ficie
273 297 504 337 consumtis
541 295 652 347 (a),
688 309 863 349 paucae,
900 296 1126 348 solitariae,
1163 297 1404 352 amplisque
1432 297 1661 341 interstitiis
1686 300 1750 342 di·

137 363 320 412 stinctae,
358 363 397 401 iu
448 362 707 416 superiorem
756 361 1024 415 superficiem
1061 363 1240 401 veniunt
1277 362 1389 414 (la),
1444 379 1521 406 nec
1558 366 1667 420 ipsae
1704 366 1748 407 in

136 438 324 468 caeteras
363 428 491 467 meu'ii
530 426 635 467 strati
670 425 813 477 fibras,
850 427 1058 481 reliquam
1096 426 1330 479 superficiei
1371 440 1534 482 partem
1570 432 1620 472 ad
1659 445 1751 472 crc-

135 506 232 533 nain
269 504 404 543 vsque
444 502 653 546 tegentes,
690 494 967 541 continuant⁷
1006 491 1074 531 scd
1112 493 1293 533 omnino
1331 493 1371 533 in
1411 494 1579 534 stratum
1616 497 1750 537 inter-

136 570 262 607 num,
310 557 648 612 interioremque
684 557 912 597 ventriculi
949 556 1192 598 structuram
1230 558 1505 599 descendunt.
1574 559 1622 600 lu
1660 570 1749 602 tota

136 623 248 662 enim
297 622 374 662 liac
420 623 559 663 ntedia
603 622 777 662 ventrali
816 623 992 675 regione
1039 623 1143 674 (c),
1202 622 1364 663 ambitu
1403 624 1517 664 haud
1553 625 1749 678 exiguo,

134 686 373 727 reticui-aris
414 689 564 741 partim
603 686 757 728 fabrica
795 687 904 740 (A),
955 688 1108 741 partim
1147 696 1190 727 ct
1233 688 1462 729 columnae
1499 688 1576 742 (e)
1614 690 1750 730 mani-

135 751 238 791 festo
276 763 489 805 apparent.
560 752 607 792 In
643 766 710 794 eas
749 752 1006 803 columnas,
1059 752 1100 792 in
1137 765 1372 808 earumque
1411 751 1612 796 fabricam
1652 755 1752 796 reti·

136 817 341 867 cularem,
379 816 508 858 fibrae
546 817 639 858 illae
677 818 886 858 solitariae
926 817 1179 858 continuant
1212 816 1312 873 (f).
1384 818 1506 873 Quae
1538 829 1749 860 caeteram

134 892 298 934 partem
351 881 587 935 superficiei
625 884 851 937 superioris
891 883 940 924 ab
979 882 1095 923 hiatu
1132 895 1268 937 Vsque
1313 883 1362 924 ad
1401 897 1572 924 crenam
1611 897 1748 926 nouae

133 946 262 986 fibrae
301 958 530 1000 occupant,
567 948 750 1002 propriis
789 948 868 988 suis
906 947 1119 988 radicibus
1158 960 1213 988 ex
1249 949 1413 989 interna
1436 950 1593 1003 pariter
1613 963 1751 990 emer-

133 1022 241 1064 gunt
277 1011 472 1052 struc‘aura
510 1013 626 1064 (g),
672 1012 823 1064 fibras⁷
860 1011 1036 1053 inferius
1075 1012 1301 1065 dicendas,
1340 1014 1596 1055 transuersas
1634 1025 1751 1055 ante-

131 1076 267 1114 riores
319 1075 564 1114 efficiendo.
653 1077 722 1117 Sic
758 1079 861 1118 aliae
899 1090 954 1117 ex
990 1077 1136 1117 medio
1174 1077 1298 1117 strato
1334 1079 1376 1118 in
1415 1078 1585 1119 stratum
1622 1081 1753 1120 inter-

132 1150 252 1188 num,
289 1147 331 1178 et
365 1138 406 1177 in
445 1139 672 1179 cauitatem
709 1140 955 1190 ventriculi,
994 1139 1256 1181 descendunt
1291 1141 1438 1191 fibrae,
1474 1143 1579 1184 aliae
1612 1145 1752 1184 exin-

134 1203 289 1242 teriore
328 1203 412 1242 hoc
451 1212 571 1244 textu
609 1214 756 1244 enatae
794 1204 835 1243 iu
872 1204 1065 1244 medium
1102 1204 1272 1246 stratum
1310 1205 1587 1258 adscendunt,
1628 1208 1751 1250 fasci-

132 1279 262 1318 asque
307 1267 485 1319 insignes
532 1268 573 1306 iu
618 1280 672 1307 eo
717 1267 922 1307 efficiunt.
1009 1268 1291 1320 Frequentius
1340 1271 1423 1311 hoc
1461 1282 1503 1311 et
1539 1274 1749 1327 exemplis

132 1331 266 1383 magis
304 1331 532 1383 insignibus
570 1331 610 1369 in
649 1330 806 1370 sinistro
844 1331 1085 1371 ventriculo
1123 1332 1387 1386 obstruatur,
1424 1336 1495 1375 vbi
1532 1337 1658 1378 etiam
1697 1352 1751 1381 cx

133 1395 441 1436 remotioribus
487 1395 616 1435 stratis
664 1395 854 1435 fasciculi
908 1396 1051 1448 patlim
1103 1396 1304 1439 fibrarum
1343 1400 1620 1442 inueniuntur
1655 1403 1751 1446 stra-

135 1470 225 1500 tum
263 1460 531 1512 proximum,
568 1459 642 1499 fibi
679 1459 928 1510 subiefrnm,
965 1459 1199 1513 perforare,
1237 1464 1340 1504 etin
1365 1465 1592 1506 cauitatem
1613 1480 1748 1521 Vsque

136 1524 395 1575 ventriculi,
437 1524 478 1563 in
517 1524 695 1576 eiusque
732 1524 998 1566 retiformam
1035 1525 1313 1580 lirin-(iuram,
1349 1541 1585 1582 penetrare.
1655 1533 1751 1574 Hu-

132 1589 321 1629 iusmodi
360 1598 499 1629 tamen
538 1589 786 1640 exemplum
824 1590 916 1630 satis
955 1590 1220 1631 manifestum
1257 1593 1298 1633 in
1331 1595 1484 1635 dextro
1507 1597 1748 1640 ventriculo

135 1655 328 1694 nondum
367 1655 540 1706 rcperi.,
588 1653 723 1704 quin,
774 1667 881 1707 quae
919 1653 1048 1695 fibrae
1086 1667 1156 1696 aut
1192 1656 1343 1698 fasciae
1382 1660 1421 1699 se
1461 1659 1532 1700 sub
1570 1661 1667 1703 alias
1705 1665 1749 1705 in

135 1719 258 1759 strato
295 1728 477 1758 externo
515 1718 743 1770 recipiunt,
780 1717 852 1758 sub
890 1731 959 1758 eas
997 1721 1248 1762 continuare
1288 1722 1453 1775 fascias,
1485 1726 1746 1781 tandemque

135 1796 234 1824 cum
270 1783 424 1824 iisdem
462 1783 502 1824 se
538 1783 834 1836 coniungere,
889 1784 1086 1839 adeoque
1123 1786 1165 1826 in
1202 1786 1326 1830 strato
1363 1799 1544 1830 externo
1579 1804 1748 1845 perma-

1642 1870 1743 1899 nere

181 1997 246 2039 (a)
275 1997 360 2031 Tab.
389 1999 440 2032 lx.
467 2010 504 2042 52
541 2005 589 2044 58.
616 2010 666 2043 50.
694 2008 756 2033 etc.

181 2048 250 2094 (b)
277 2047 366 2082 Tab.
393 2047 472 2084 Vll.
500 2061 517 2082 2
557 2061 571 2094 5
607 2061 634 2094 5.
665 2061 709 2085 12.

179 2098 219 2141 (c
272 2098 359 2136 Tab.
387 2098 448 2133 vu
486 2102 516 2133 6.
545 2112 593 2134 10.
621 2111 649 2134 11
687 2111 737 2145 19.

181 2149 241 2190 (d)
271 2149 357 2182 Tab.
389 2148 465 2183 Vll.
494 2154 512 2188 8
550 2162 590 2185 11.

184 2202 247 2244 (c)
274 2199 349 2232 Tab
385 2201 462 2233 Vll.
491 2202 520 2234 6.
549 2213 601 2236 ιο.

181 2249 231 2292 (f
272 2249 357 2282 Tab.
388 2248 461 2284 Vll.
488 2262 513 2291 ς.
543 2254 575 2285 6.
605 2262 631 2295 5.
663 2257 692 2291 8.

182 2300 264 2344 (g)
294 2299 380 2334 Tab.
409 2300 482 2335 Ul.
512 2312 532 2345 9
572 2312 614 2343 13.
643 2313 694 2336 20.
724 2314 768 2338 21.

188 2363 311 2406 Noua
329 2366 434 2407 Ac'i‘a
453 2367 584 2408 Acad.
607 2369 706 2423 Imp.
725 2370 796 2411 Sc.
816 2369 859 2411 T.
881 2368 957 2410 JV.
1289 2373 1330 2415 K
1354 2374 1383 2417 k
