2034 2803
793 168 946 191 -.----,,,.
981 152 1137 209 (286)
1171 171 1322 194 =

254 279 331 307 nec
371 265 541 306 fodinae
571 264 1033 321 Scharfenbergenses,
1071 269 1466 324 Furstenbcrgenses
1489 279 1531 310 et
1570 271 1687 324 quod
1723 273 1773 314 ad
1811 274 1869 315 al·

256 332 364 372 tiora
401 332 499 385 iuga
536 329 712 385 spedista,
747 332 1082 375 Allemontanae
1111 334 1151 374 in
1177 333 1470 390 Delphinum,
1509 335 1868 390 Salisburgenses,

257 398 372 450 alpes
410 396 662 451 lapponicae
691 406 734 436 et
762 397 952 440 fibiricae
982 408 1088 439 caet.
1109 400 1289 441 meliora
1326 401 1565 440 docuerint.
1612 401 1729 456 Quin
1759 403 1871 443 sum-

257 476 322 503 ma
359 462 519 516 alpium
559 463 778 503 cacumina
814 463 1024 517 granitosa
1051 464 1200 506 sterilia
1236 465 1492 520 plerumque
1528 465 1631 517 sint,
1668 480 1753 508 non
1793 469 1871 508 du·

257 527 382 575 bito;
419 528 461 567 id
499 537 643 568 autem
690 528 860 581 regulae
896 528 1019 569 instar
1055 529 1214 585 absque
1250 531 1506 584 exceptione
1545 543 1733 584 ponere,
1779 545 1866 574 non

255 591 408 634 audeo.
479 592 541 632 Ita
578 591 705 632 etiam
743 593 953 634 creditum
993 594 1097 646 fuit,
1133 609 1282 636 amum
1322 609 1406 635 non
1445 595 1516 635 nifi
1555 597 1596 635 in
1635 597 1782 637 calidis
1806 611 1870 638 re·

255 657 454 712 gionibus
492 669 744 709 occurrere,
792 658 901 711 quasi
939 659 1064 700 radiis
1102 660 1307 700 solaribus
1346 663 1668 711 maturesceretJ
1714 661 1869 704 effodi-

255 732 320 762 tur
356 734 459 762 vero
496 722 537 762 in
576 720 751 775 Succia,
789 722 1013 779 Noruegia
1050 734 1091 765 et
1127 725 1293 767 Sibiria.

445 819 564 861 Haec
603 829 648 860 vt
692 821 894 875 mittam,
949 834 1286 879 argumentum,
1343 825 1458 880 quod
1507 825 1585 867 hac
1620 825 1716 866 vice
1760 826 1866 867 mihi

251 884 484 938 proposui7
529 885 658 940 paulo
697 890 897 929 attentius
936 889 1203 930 considerare
1243 890 1361 931 libet.
1433 891 1599 944 Scripta
1634 892 1866 932 mineralo-

251 963 409 1003 gorum
446 950 472 990 si
511 951 798 1003 molliuntur,
854 955 1053 1009 exenipla
1091 955 1351 996 offendimus
1374 986 1387 1007 .,
1441 970 1517 996 eos
1554 969 1866 1010 nonnunquam

253 1016 508 1068 :urtumaffe⁷
563 1016 647 1056 hoc
683 1016 754 1057 tel
790 1017 897 1059 illud
935 1019 1087 1074 lapidis
1125 1021 1194 1060 vel
1232 1021 1335 1061 alius
1375 1022 1597 1075 corporis,
1650 1021 1866 1062 mineralis

249 1080 503 1133 prosapiae,
558 1093 691 1133 genus
738 1095 822 1122 non
868 1084 941 1123 nifi
987 1085 1029 1124 in
1076 1085 1295 1124 montibus
1343 1083 1599 1124 secundariis
1644 1085 1865 1136 inueniri,

250 1143 328 1184 alia
356 1156 461 1184 vero
500 1144 708 1197 primariis
747 1155 910 1185 tantum
950 1157 1199 1200 competere
1235 1147 1373 1200 iisque
1412 1148 1584 1200 propria
1621 1148 1716 1188 esi'e.
1787 1147 1866 1188 Pa-

251 1209 284 1247 ri
323 1221 497 1262 qnoque
535 1210 668 1248 modo
706 1210 911 1249 nonnulla
948 1210 1094 1250 saltem
1141 1211 1310 1249 metalla
1348 1211 1568 1250 montibus
1605 1212 1863 1252 secundariis

250 1273 419 1325 prorsus
460 1272 537 1312 effe
575 1272 824 1325 peregrina,
878 1285 954 1312 nec
991 1285 1179 1327 vnquam
1217 1274 1258 1312 in
1295 1273 1378 1312 iilis
1415 1274 1632 1325 inueniri,
1687 1285 1868 1315 conten-

251 1337 368 1378 dunt.
440 1336 558 1377 Haec
596 1348 701 1376 vero
739 1337 880 1377 asserta
918 1347 1078 1389 ruunt,
1130 1336 1157 1376 si
1194 1346 1475 1390 argumenta⁷
1529 1338 1684 1392 quibus
1723 1340 1866 1379 nitun-

250 1411 343 1452 tur7
381 1411 423 1441 et
452 1402 740 1455 documenta,
781 1414 886 1456 quae
923 1402 1114 1457 exempli
1152 1401 1253 1443 10ςό
1291 1402 1447 1443 adferri
1485 1402 1647 1457 solent,
1682 1405 1862 1460 propius

248 1467 555 1508 examinamus.

444 1565 629 1616 Saxum⁷
668 1565 784 1619 quod
824 1565 971 1607 Suecis
1006 1565 1140 1621 Τναρρ
1176 1567 1318 1617 audit,
1353 1575 1396 1606 et
1430 1567 1472 1607 in
1510 1567 1861 1621 VVestrogothia,

249 1638 395 1683 petrae
432 1643 657 1670 arenaeeae
695 1630 875 1684 aliisque
922 1631 1052 1671 stratis
1099 1631 1468 1684 superincumbit,
1525 1646 1709 1686 quorum
1759 1631 1861 1673 bafis

250 1693 572 1748 profundiffima
609 1695 794 1748 granitcs
815 1696 894 1747 est,
931 1696 1022 1736 iure
1045 1695 1336 1737 secundarium
1376 1696 1460 1736 dici
1497 1707 1699 1737 merctur.
1740 1696 1863 1737 Idem

250 1759 354 1812 lapis
400 1770 576 1812 autem,
629 1760 732 1800 dum
768 1774 896 1801 venas
942 1761 1175 1801 metallicas
1222 1761 1436 1801 montium
1482 1761 1783 1814 primariorum
1821 1762 1862 1801 in

251 1823 514 1864 ferrisodinis
554 1824 765 1876 Sueciae,
818 1825 1066 1879 Norvegiae
1103 1835 1186 1866 etc.
1232 1839 1309 1866 nec
1347 1839 1432 1865 non
1470 1837 1599 1866 renas
1636 1824 1864 1880 argentife-

252 1903 315 1930 ras
353 1889 799 1930 Ioachimsthalienses
846 1891 1076 1931 comitatur
1113 1900 1184 1930 aut
1220 1890 1361 1941 secat⁷
1415 1889 1505 1931 saxa
1544 1891 1699 1931 horum
1738 1904 1864 1930 mon-

251 1955 356 1994 tium
393 1956 517 1995 variis
555 1955 595 1994 in
633 1955 740 1994 locis
779 1956 992 2009 perforat,
1035 1954 1176 1996 fascias
1215 1956 1449 1995 admodum
1484 1955 1586 1996 latas
1625 1955 1864 2009 profunde-

252 2032 334 2072 que
374 2020 595 2059 tcndentes
634 2020 874 2072 constituit,
910 2019 1148 2061 vetustioris
1185 2021 1366 2060 omnino
1403 2019 1459 2059 est
1495 2021 1687 2074 originis.
1765 2020 1865 2061 Fin-

249 2083 414 2124 landiae
453 2085 674 2138 prouincia
712 2085 856 2125 roffica
893 2086 1066 2139 longam
1105 2085 1250 2125 seriem
1288 2086 1503 2125 montium
1541 2086 1759 2136 continet,
1791 2085 1862 2138 qui

252 2147 350 2190 saxo
389 2150 538 2203 Trapp
577 2149 789 2201 constant,
827 2150 1049 2191 altitudine
1087 2150 1311 2203 conspicua
1358 2150 1546 2203 gaudent
1581 2160 1624 2190 ct
1658 2149 1862 2191 marmori

252 2224 419 2255 textura
456 2214 579 2255 salina
616 2215 812 2268 praedito
850 2215 1010 2256 ibidem
1048 2215 1328 2265 incumbunt,
1381 2215 1498 2268 quod
1538 2215 1674 2256 rursus
1713 2214 1863 2255 schisto

251 2288 292 2318 et
336 2280 488 2334 graniti
535 2279 826 2333 superstruitur
865 2281 922 2334 *).
993 2280 1069 2321 Iste
1108 2280 1257 2334 Trapp
1307 2292 1430 2320 venas
1476 2280 1750 2320 metalliferas
1797 2279 1864 2318 fo-

1789 2351 1863 2382 vct

323 2419 360 2463 ²⁶)
412 2420 532 2464 ‘Dnllnss
560 2431 647 2458 noro,
677 2421 856 2467 {bruttii-qe.
885 2435 896 2457 1
925 2423 985 2470 (ΣΙ).
1013 2423 1062 2460 Ε.
1092 2429 1158 2464 136
1186 2441 1227 2446 —
1258 2431 1324 2463 137
1354 2425 1417 2458 unb
1445 2421 1493 2460 5.
1523 2428 1587 2462 148
1617 2439 1658 2445 —
1688 2431 1765 2460 149·
