2034 2803
679 230 833 262 2:ss
867 215 1022 270 (215)
1057 231 1210 254 Ξ

131 333 286 389 partim
325 332 366 371 in
405 328 595 383 margine
632 328 750 383 ipso⁷
812 329 880 381 (a)
936 328 1077 371 versus
1116 328 1310 369 arteriam
1350 327 1642 381 pulmonalem
1682 329 1756 370 dc·

133 407 310 440 currunt
346 396 395 437 ad
435 395 546 436 basin
583 407 717 448 vsque
757 397 855 436 coni
903 393 1089 435 arteriofi
1129 391 1241 445 (h),
1294 392 1365 432 vbi
1404 404 1445 432 et
1483 394 1559 433 liae
1599 394 1753 440 fibrae,

136 464 272 517 magis
310 460 533 514 magisque
572 468 792 511 curtmtae,
836 459 1104 500 transuerfim
1143 459 1320 498 demum
1358 457 1399 496 in
1438 471 1607 498 crcnam
1646 469 1756 499 tran—

133 528 267 569 scunt.
338 525 403 567 Vt
439 523 552 565 nulla
591 523 740 565 harum
787 523 1028 574 fibrarum,
1082 523 1192 562 rcCta
1231 536 1252 562 a
1288 521 1382 561 stria
1419 523 1755 575 producftarum,

134 594 176 633 in
216 590 483 645 superficiem
520 588 736 629 bafilarcm
772 589 1060 641 ingrediatur3
1098 600 1233 640 eaque
1271 585 1514 640 superficies
1544 600 1649 640 ergo
1679 589 1754 630 ha-

131 671 226 699 rum
265 656 464 696 fibrarum
503 653 687 708 respestu
725 655 931 706 omnino,
982 663 1029 695 vt
1065 652 1175 693 ordo
1213 650 1416 693 fibrarum
1455 653 1597 693 cordis
1635 665 1755 707 prae-

132 723 312 776 scriptus
349 719 556 776 postulat,
591 728 892 774 praetereatur.

161 866 408 923 Bafiliurum
433 868 636 921 fibrarum
671 878 780 911 ortus
817 879 855 911 et
885 867 1112 923 progrcffits
1147 869 1186 909 in
1219 865 1355 922 specie
1392 864 1517 921 (Tab.
1559 864 1718 920 VIII.).

324 982 443 1024 Dum
490 984 614 1038 super
656 984 883 1025 ventriculi
928 995 1033 1023 vero
1070 981 1274 1036 angulum
1312 981 1390 1021 hae
1428 980 1558 1022 fibrae
1596 993 1651 1021 ex
1687 979 1752 1019 in·

128 1047 274 1087 seriori
319 1048 361 1087 in
409 1048 673 1102 superiorem
723 1048 990 1102 superficiem
1035 1047 1374 1100 progrediuntur
1410 1046 1521 1098 (c),
1575 1045 1617 1084 in
1662 1043 1753 1098 ipso

126 1121 175 1150 vt
211 1111 466 1150 continuent
503 1114 693 1164 margine
732 1113 926 1161 bafilari,
981 1121 1052 1150 aut
1096 1112 1216 1149 iuxta
1259 1122 1358 1148 eum
1395 1119 1441 1149 vt
1485 1119 1663 1162 pergant
1708 1110 1751 1149 in

125 1173 333 1228 superiori
383 1174 605 1228 superficie
652 1175 763 1227 (d),
818 1182 983 1228 partem
1029 1173 1276 1214 omittendo
1322 1172 1538 1214 bafilarem
1584 1183 1752 1221 totam3

125 1238 297 1291 insignis
336 1238 409 1279 sub
447 1239 753 1293 marginalibus
791 1239 855 1279 his
893 1238 1010 1279 fibris
1050 1237 1272 1279 fasciculus
1309 1237 1456 1292 prodit
1493 1237 1597 1293 (e),
1633 1238 1754 1278 iuxta

129 1302 366 1355 marginem
404 1303 584 1355 pariter,
620 1303 688 1344 sed
724 1304 766 1343 in
806 1303 964 1342 basilari
1002 1302 1223 1355 superficie
1246 1299 1340 1356 (f),
1374 1303 1518 1343 versus
1555 1303 1753 1344 arteriam

129 1367 309 1407 tendens
347 1367 641 1420 pulmonalem
682 1367 783 1420 (g).
871 1366 958 1408 Sub
997 1379 1050 1407 eo
1088 1367 1191 1407 aliae
1229 1366 1367 1407 rursus
1407 1366 1553 1408 fasciae
1593 1368 1752 1422 prode-

127 1442 206 1472 unt
230 1461 242 1481 .,
300 1444 405 1484 quae
444 1430 647 1485 dispersae
687 1442 818 1472 totam
858 1431 1078 1472 bafilarem
1114 1431 1342 1472 ventriculi
1381 1432 1649 1485 superficiem
1686 1445 1753 1472 re-

128 1496 249 1550 plent
289 1494 356 1547 (ln)
397 1509 523 1549 quam
559 1495 717 1548 fibra-e,
753 1510 774 1537 a
811 1496 902 1538 stria
936 1496 1022 1550 ipsa
1058 1507 1204 1548 ortae,
1251 1495 1493 1537 omiserant.
1564 1497 1633 1539 Sic
1673 1497 1751 1537 du-

128 1561 232 1613 plex
269 1559 471 1600 fibrarum
509 1574 643 1614 genus
681 1561 761 1612 est,
817 1574 904 1615 quo
943 1562 1133 1602 medium
1170 1561 1339 1601 stratum
1377 1563 1606 1603 ventriculi
1645 1563 1750 1602 dex-

129 1624 182 1664 tri
220 1623 425 1664 efficitur:
464 1625 665 1665 fibrarum
705 1626 911 1677 alterum,
952 1640 973 1667 a
1008 1626 1099 1666 stria
1137 1635 1353 1678 ortui-um„
1391 1636 1616 1682 Vtramque
1644 1639 1750 1667 ven-

127 1688 294 1739 triculi,
330 1688 580 1730 inferiorem
618 1699 661 1729 et
697 1689 991 1742 superiorem,
1035 1691 1305 1744 superficiem
1344 1692 1417 1731 suo
1455 1692 1633 1733 decursu
1671 1704 1748 1731 oc-

126 1754 404 1807 cupantium3
461 1755 642 1794 alterum
681 1754 917 1795 basilarium
956 1754 1187 1807 fibrarum,
1233 1769 1340 1810 quae
1378 1766 1498 1797 ortae
1534 1771 1556 1798 a
1591 1756 1748 1811 priori·

128 1816 204 1858 bus
227 1847 240 1871 ,
292 1817 364 1858 vbi
409 1819 459 1859 ad
505 1819 774 1860 interstitium
818 1819 930 1861 inter
968 1821 1037 1862 fila
1073 1821 1347 1875 cartilaginea
1383 1822 1532 1863 dextra
1569 1822 1743 1863 duc‘tum

1647 1884 1747 1926 filo-

143 1979 1737 2001 Ἣ

230 2041 285 2088 (a)
316 2040 405 2076 Tab.
433 2042 505 2078 Vn.
533 2058 578 2083 m.
607 2044 628 2081 l.
653 2059 684 2094 g.

233 2093 284 2137 (b)
313 2092 396 2125 Tab.
427 2094 494 2129 vn.
521 2106 552 2140 g.

229 2141 278 2187 (c)
310 2142 394 2175 Tab.
424 2142 479 2177 lX.
508 2139 559 2187 27.
585 2154 640 2189 28.
667 2159 720 2194 29.
747 2160 796 2193 34.

224 2193 286 2238 (d)
314 2192 401 2225 Tab.
428 2194 497 2228 VH.
524 2194 535 2228 l
572 2210 617 2232 m.
648 2211 679 2234 n.

223 2241 286 2287 (e)
317 2242 391 2275 Tab
430 2243 482 2278 IX.
510 2256 563 2288 29.
592 2260 619 2280 a.

221 2290 284 2338 (s)
312 2292 396 2327 Tab.
430 2293 524 2328 Vm.
555 2308 577 2333 s,
604 2309 627 2330 s.

221 2341 280 2386 (g)
307 2342 392 2376 τώ.
424 2342 510 2378 vm.
538 2356 559 2379 s.
591 2355 613 2382 t.

224 2391 277 2438 (h)
308 2392 393 2427 Ταῦ.
422 2394 508 2429 vni.
