2034 2803
692 176 845 199 Ξ
882 160 1038 215 (275)
1073 176 1227 201 ξ

682 285 730 335 D
749 285 789 336 E
808 287 839 338 S
860 286 902 337 C
924 287 960 337 R
980 286 1000 335 1
1020 285 1055 335 P
1073 286 1120 335 T
1138 286 1158 335 1
1177 285 1226 335 o

146 383 668 461 CHARACIS
714 381 1763 463 LEVCOMETOPONTIS.

851 559 1046 601 Aueiore

738 654 873 698 ΒΑΕ.
916 655 1162 698 ZUIEW.

549 842 734 883 Cos-mem.
773 840 909 882 exhih.
941 845 980 884 d.
1026 857 1039 880 1
1079 841 1170 881 Mai
1211 852 1347 892 1783.

978 1020 983 1027 .
1034 1010 1043 1027 ἱ
1068 1022 1072 1028 .

143 1066 412 1180 Truttam
451 1091 656 1144 equidem
692 1093 837 1144 primo
875 1093 1029 1132 intuitu
1066 1091 1248 1131 referret
1283 1089 1406 1143 piscis
1445 1088 1609 1142 noster,
1642 1097 1689 1130 vt
1724 1099 1768 1131 et

300 1155 340 1194 in
388 1155 586 1208 catalogo
634 1154 765 1195 musei
815 1155 941 1195 nostri
987 1154 1220 1195 academici
1267 1154 1342 1194 sub
1390 1154 1566 1194 nornine
1611 1163 1766 1195 truttae

144 1219 362 1260 fluuiatilis
393 1220 630 1273 defiguntus
668 1219 750 1269 est,
787 1219 814 1259 fi
851 1221 1087 1261 accuratius
1111 1231 1292 1260 examen
1332 1217 1605 1260 membranae
1643 1219 1769 1261 bran·

146 1285 385 1337 chiostegae
435 1284 771 1337 quadriradizitae
818 1296 905 1323 non
951 1283 1120 1324 iuberet
1157 1282 1364 1322 diuellere
1402 1282 1523 1322 illum
1561 1297 1582 1323 a
1618 1294 1770 1325 trutta-

145 1363 239 1390 ruzn
280 1349 436 1389 familia
460 1379 471 1398 7
525 1348 592 1387 vel
631 1348 780 1387 dentes
819 1348 1066 1401 praesertim
1103 1348 1337 1388 anteriores
1376 1347 1594 1402 conspicui
1632 1363 1654 1390 a
1691 1363 1767 1390 co-

145 1414 317 1468 regouis
365 1413 552 1466 separare
591 1423 632 1451 et
668 1414 947 1454 adnumerare
993 1413 1166 1454 cohorti
1213 1413 1455 1453 eburacum.
1527 1411 1672 1468 Caput
1707 1414 1766 1455 al-

144 1480 319 1529 bidum,
375 1477 691 1531 praecipueque
729 1476 875 1529 frons,
918 1478 1057 1519 austun
1095 1477 1201 1517 mihi
1241 1477 1398 1518 dedere
1435 1477 1559 1518 illum
1598 1479 1767 1522 Leuco-

145 1544 411 1597 nietopontis
450 1543 624 1583 nomine
662 1543 998 1597 cognominare,
1051 1543 1182 1597 idque
1223 1556 1317 1585 eam
1356 1542 1500 1597 potius
1539 1543 1596 1584 ob
1633 1545 1766 1585 ratio-

147 1623 245 1649 nem
268 1638 281 1656 ,
334 1618 379 1647 vt
415 1622 436 1650 a
472 1608 704 1663 congeneri
752 1607 826 1649 suo
864 1608 1042 1649 charace
1086 1608 1366 1650 immaculato
1404 1621 1458 1650 eo
1497 1608 1662 1651 facilius
1702 1610 1766 1650 di-

145 1673 385 1727 gnoscatur.

623 1794 820 1847 Charax
854 1797 1289 1864 Leucometopon.

452 1899 713 1954 Magnitudo
750 1910 793 1941 et
830 1900 969 1942 forma
1005 1901 1171 1942 albulae
1216 1901 1450 1956 grossioris.

342 2028 498 2082 Corpus
535 2028 941 2085 Cathetoplateum,
980 2030 1250 2084 oblongum,
1288 2031 1556 2081 torulosslm,
1600 2029 1651 2071 ab
1689 2043 1765 2071 oc-

145 2094 273 2149 cipite
311 2095 361 2134 ad
399 2095 570 2149 pinnam
608 2096 815 2137 dorsalem
855 2108 1002 2148 parum
1047 2095 1258 2149 gibbum3
1312 2096 1495 2151 squamis
1533 2096 1766 2136 mediocri-

149 2161 259 2209 bus„
314 2159 627 2212 tenerioribus,
679 2160 1036 2201 semiorbiculatis
1074 2160 1356 2215 laeuibusque
1394 2162 1584 2208 ted‘tum;
1639 2160 1763 2201 lineis

146 2224 530 2278 longitudinalibuz
569 2238 643 2278 per
678 2225 805 2267 latera
842 2240 861 2266 a
899 2226 1037 2279 capite
1074 2226 1121 2266 ad
1162 2227 1339 2267 caudam
1380 2225 1623 2281 parallelis,
1675 2238 1766 2266 ma·

142 2290 341 2345 culisque
378 2290 553 2331 hic-ibi
593 2291 733 2345 lparfis
770 2291 1048 2332 decoloribus
1087 2301 1299 2332 notatum.

948 2355 999 2397 M
1021 2368 1064 2395 m
1105 2368 1128 2393 2
1629 2352 1765 2408 Caput
