2034 2803
822 184 976 207 ==
1010 169 1348 224 (258)—

285 297 385 324 nere
439 282 582 337 potius
633 283 847 325 videntur.
936 284 1020 326 Hic
1071 283 1166 325 finis
1220 298 1325 340 crgo
1380 285 1436 326 est
1489 284 1640 328 fasciae
1692 289 1891 330 ventralis

285 359 447 390 tertiae.

380 477 531 520 FIbrae
555 478 770 534 solitariae
806 479 1019 521 ventrales.
1078 479 1205 533 (Tah.
1245 480 1339 522 VII.
1382 494 1451 520 12.
1494 494 1566 521 12.
1608 494 1678 521 22.
1722 495 1791 532 23.

693 557 765 594 24.
813 544 915 597 25.)
983 543 1167 600 Desec‘lus
1188 547 1313 600 strati
1352 546 1481 586 medii.

473 627 551 667 His
589 625 754 679 fasciis,
793 641 813 667 a
850 627 939 668 stria
977 628 1192 680 subortis,
1229 630 1350 684 super
1386 628 1636 670 inferiorem
1673 629 1887 670 transeun-

280 690 391 731 tibus
428 690 694 745 superficiem
732 701 775 732 et
809 705 884 745 per
922 693 1184 745 superiorem
1222 694 1473 743 distributis,
1510 693 1639 734 fibrae
1678 695 1885 747 quaedam

277 756 480 796 accedere
517 757 646 797 etiam
683 756 823 797 solent
858 756 1066 798 solitariae
1106 758 1217 810 (a),
1271 772 1375 812 quae
1413 758 1588 799 vltimae
1626 757 1786 798 scilicet
1822 758 1885 798 su-

272 820 492 873 periorem
529 821 798 875 superficiem
834 823 1064 875 attingunt,
1100 835 1175 862 nec
1211 836 1307 864 raro
1344 824 1393 863 ad
1433 836 1599 863 creuam
1636 837 1769 876 vsque
1790 835 1887 875 per·

273 886 452 925 veniunt
489 884 599 939 (b).
669 887 762 926 Hae
799 887 955 939 pariter
992 887 1033 926 in
1072 888 1249 928 ventrali
1286 889 1463 941 regione
1502 888 1611 927 circa
1648 888 1884 940 ntargiuem

273 949 516 1001 fleetuntur,
553 951 594 989 in
632 951 870 1004 eademque
909 965 1041 1004 porro
1079 953 1323 992 decurrunt.
1396 952 1517 1006 Quae
1556 952 1696 1005 postea
1739 966 1758 991 a
1796 951 1884 991 stria

274 1014 471 1054 oriuntur
505 1014 651 1064 fibrae,
688 1028 832 1055 earum
870 1015 1001 1066 nulla,
1040 1026 1243 1069 quantum
1280 1030 1362 1069 ego
1403 1017 1573 1068 quidem
1597 1015 1788 1069 persequi
1813 1028 1881 1055 eas

271 1079 413 1131 potui,
450 1079 498 1118 ad
537 1078 798 1130 superiorem
835 1091 970 1130 Vsque
1008 1078 1274 1131 superficiem
1313 1081 1528 1131 peruenit;
1568 1093 1663 1118 cum
1699 1079 1881 1129 singulae

270 1142 340 1182 vel
376 1143 418 1181 in
456 1142 540 1195 ipsa
575 1143 658 1181 iam
696 1141 932 1195 superficie,
970 1142 1037 1180 vel
1074 1142 1114 1180 in
1154 1141 1342 1193 margine
1375 1151 1531 1191 tamen,
1567 1143 1606 1180 in
1631 1142 1880 1180 interiorem

271 1207 499 1247 ventriculi
554 1206 795 1246 structuram
849 1206 887 1244 se
933 1206 1196 1256 demergant.
1285 1204 1352 1243 Sic
1391 1215 1477 1243 tota
1515 1206 1644 1256 apicis
1682 1206 1801 1256 regio
1839 1205 1881 1243 in

272 1271 477 1323 superiori
515 1268 734 1321 superficie
772 1268 916 1307 medio
955 1267 1078 1306 strato
1117 1275 1252 1315 caret,
1290 1267 1468 1317 soloque
1506 1277 1686 1305 externo
1725 1267 1882 1318 tegitur

272 1333 374 1386 (c).
445 1332 661 1372 Nimirum
700 1333 802 1372 haec
838 1330 923 1385 ipsa
960 1329 1185 1370 ventriculi
1222 1342 1316 1381 pars
1356 1330 1540 1368 maxime
1577 1330 1689 1369 intus
1721 1330 1880 1370 carneis

274 1398 506 1449 columnis,
545 1397 820 1450 trabibusque
857 1406 898 1435 et
933 1393 1049 1434 fibris
1086 1394 1248 1448 repleta
1285 1393 1355 1443 est,
1393 1403 1480 1432 tum
1521 1394 1628 1433 iuter
1666 1396 1701 1433 se
1725 1394 1881 1434 col-,ae-

270 1463 462 1504 rentibus
500 1462 624 1503 variis
661 1461 827 1513 modis,
870 1469 961 1499 tum
997 1459 1125 1500 etiam
1161 1458 1340 1512 parietes
1378 1457 1490 1510 ipsos
1529 1459 1878 1498 conneflentibus

269 1527 511 1569 ventriculi.
599 1526 670 1567 Ab
717 1526 794 1566 hac
840 1525 969 1578 apicis
1006 1524 1183 1577 regione
1220 1522 1451 1562 secundum
1490 1523 1725 1576 marginem
1763 1533 1879 1562 ante-

270 1593 430 1633 riorem
484 1591 679 1632 struc‘tura
731 1589 950 1630 reticulata
1001 1589 1113 1628 intus
1151 1588 1202 1628 ad
1239 1586 1442 1638 angulum
1479 1599 1613 1639 vsque
1650 1587 1877 1627 ventriculi

270 1657 569 1711 protrahitur,
621 1664 710 1694 tota
746 1652 944 1694 arteriosa
981 1661 1129 1692 contra
1168 1660 1209 1690 et
1244 1649 1657 1690 infundibuliformis
1696 1665 1790 1704 pars
1828 1651 1878 1692 ad

270 1721 381 1762 basin
419 1721 593 1762 arteriae
632 1718 889 1773 pulmonalis
926 1728 1060 1770 vsque
1097 1728 1197 1755 caua
1234 1714 1412 1754 omuino
1450 1725 1491 1754 et
1526 1715 1879 1755 vacuafibrisin-

270 1795 336 1826 tus
374 1786 442 1826 est.
512 1784 739 1824 Probabile
778 1796 914 1835 ergo,
953 1792 1149 1834 magnam
1187 1779 1311 1819 huius
1349 1778 1568 1819 structurae
1606 1780 1876 1831 reticulatis,

270 1851 496 1892 cauiratem
532 1848 756 1889 ventriculi
796 1846 1016 1899 replentis,
1053 1853 1213 1898 partem
1250 1858 1270 1884 a
1308 1842 1420 1883 libris
1443 1844 1542 1884 oriri
1565 1844 1734 1891 mediis,
1769 1856 1875 1896 quae

270 1929 324 1955 ex
370 1915 492 1955 strato
537 1915 611 1954 suo
657 1914 697 1952 in
741 1913 965 1952 cauitatem
1006 1909 1043 1949 se
1082 1910 1360 1961 demergant,
1413 1921 1593 1962 eamque
1632 1908 1874 1948 strufturam

270 1979 469 2020 efficiant.
542 1978 662 2032 Quae
701 1978 808 2017 circa
845 1976 1007 2028 apicem
1045 1974 1157 2013 enim
1197 1973 1495 2025 copiofillimae
1533 1973 1726 2013 omnium
1754 1985 1874 2025 repe-

269 2046 375 2088 ritur
411 2053 453 2084 et
490 2042 718 2083 densiffima
756 2050 946 2090 textura,
982 2039 1098 2079 fibris
1136 2038 1324 2091 regionis
1361 2038 1515 2092 apicis,
1554 2051 1658 2091 quae
1695 2050 1872 2087 omncs,

1760 2101 1872 2141 nulla

267 2196 1874 2229 W

317 2253 401 2299 (α)
428 2252 512 2286 Tab.
541 2249 618 2286 Vll.
646 2261 688 2282 ¹2.
717 2260 758 2282 12.
788 2260 836 2283 22.

317 2306 397 2350 (b)
427 2303 511 2337 Tab.
541 2303 608 2335 Vll.
641 2312 685 2344 25.

319 2355 394 2403 (c)
426 2353 511 2389 Tab.
543 2351 618 2388 vil.
651 2363 700 2386 22.
729 2361 775 2392 23.
802 2351 846 2385 D.
