2034 2803
775 169 930 185 .--
963 151 1120 211 (282)
1154 170 1306 183 —-.

232 269 471 329 primorum
515 270 732 315 radiorum
779 272 921 314 eidem
968 273 1227 327 parallelae,
1283 282 1526 314 ceterorum
1564 273 1614 315 ad
1650 282 1848 316 ventrem

230 341 508 391 incarnatae,
560 337 944 393 proportionales,
999 339 1274 392 triangularae
1300 368 1312 389 ,
1360 339 1485 379 radiis
1529 353 1599 378 20.
1641 341 1770 381 tertio
1807 349 1850 381 et

235 416 385 459 quarto
431 405 582 445 ceteris
628 403 912 456 longioribus.
990 402 1139 444 Pimme
1174 402 1374 444 vcnlrales
1411 403 1483 444 sub
1520 404 1661 458 pinnis
1699 407 1849 458 pec-‘10-

230 471 414 522 ralibns,
449 470 522 510 fibi
559 470 745 510 iunicc'n
783 468 1120 523 approximatam,
1157 470 1207 510 ad
1246 468 1353 509 basin
1391 468 1560 522 iusuper
1597 472 1848 512 membrana

231 538 348 576 tenui
384 535 596 590 pellucida
633 534 822 584 inustae,
858 534 1139 585 acuminatac,
1180 535 1437 585 mediocres,
1474 535 1600 574 radiis
1643 547 1681 583 5.
1719 534 1846 575 Pinna

218 600 480 655 snbcmtdalis
517 600 566 640 ab
603 611 685 638 auo
722 599 772 639 ad
809 600 987 639 caudam
1024 600 1241 653 porrefta,
1286 598 1437 639 dorlali
1474 599 1648 649 similis,
1692 613 1849 654 aequa-

229 666 305 717 lis,
343 666 552 706 declinata
587 663 712 704 radiis
753 675 825 712 35.
893 662 1020 705 Pinna
1055 665 1204 704 caudae
1247 664 1499 715 terminalis,
1535 665 1739 718 distincia,
1777 678 1851 707 ro-

231 731 420 784 tundata,
456 729 602 770 medio
640 730 896 782 acuminata,
932 729 1160 783 nigricans,
1197 730 1324 769 radiis
1366 731 1438 768 16.

422 860 567 903 Locus
603 858 687 901 fine
725 858 858 901 dubio
894 860 1011 901 idem
1048 872 1146 901 cum
1184 859 1263 900 snis
1300 858 1497 900 affinibus
1533 859 1770 915 pelagicus⁸

461 1018 800 1070 Dimensiones
833 1017 1097 1070 secundum
1130 1018 1306 1085 pcdcm
1342 1018 1613 1084 pai-isinum.

421 1123 674 1175 Longitndo
720 1123 851 1161 totius
897 1122 1019 1173 piscis
1066 1121 1115 1159 ab
1161 1130 1358 1159 extremo
1404 1121 1523 1172 apice
1570 1118 1842 1158 mandibulae

228 1186 444 1228 inferioris
483 1187 534 1227 ad
571 1186 781 1226 extimum
819 1185 983 1238 apicem
1020 1183 1172 1236 pinnae
1209 1183 1394 1223 candalis
1473 1198 1499 1235 7
1523 1182 1633 1222 Poll.

228 1253 301 1294 Ab
338 1254 457 1306 apice
496 1250 692 1290 maxillae
731 1251 958 1301 superioris
997 1248 1047 1286 ad
1085 1247 1300 1298 originem

427 1317 580 1370 pinnae
618 1313 728 1353 dorsi
861 1333 881 1342 -·
1010 1333 1030 1340 -
1162 1332 1183 1339 -
1330 1331 1349 1339 -
1483 1320 1506 1358 3
1535 1330 1635 1337 —

228 1381 480 1436 Lougitndo
518 1378 667 1433 capitis
704 1377 755 1419 ab
793 1378 912 1432 apice
950 1374 1220 1417 mandibulae
1258 1373 1448 1428 superio-

425 1447 481 1486 ris
519 1445 568 1486 ad
605 1444 736 1484 finem
773 1441 1083 1496 operculorum
1216 1462 1235 1469 -
1364 1461 1386 1470 -
1491 1450 1509 1477 1
1536 1460 1635 1467 —
1661 1450 1678 1476 1
1699 1438 1846 1480 Linea.

229 1511 483 1565 Longitudo
522 1510 720 1550 maxillae
757 1508 974 1549 inferioris
1012 1515 1131 1547 extra
1171 1504 1391 1546 maxillam

425 1575 677 1616 inferiorem
808 1595 829 1604 -
959 1594 978 1602 -
1109 1592 1130 1600 -
1258 1591 1280 1600 -
1410 1590 1431 1598 -
1559 1589 1582 1600 -
1667 1580 1688 1605 2
1713 1591 1816 1597 —

230 1641 434 1683 Latitndo
470 1641 618 1695 capitis
655 1641 765 1680 inter
802 1638 955 1678 oculos
1088 1658 1109 1666 -
1239 1655 1260 1664 -
1391 1655 1413 1664 -
1545 1655 1566 1663 -
1654 1635 1695 1678 εξ,

294 1730 399 1736 -—
464 1729 568 1736 -——
635 1706 685 1745 ad
724 1714 938 1758 aperturas
977 1699 1242 1741 branchialcs
1374 1720 1395 1728 -
1526 1719 1546 1728 -
1636 1709 1690 1735 10
1717 1721 1817 1728 —

231 1772 483 1824 Longitndo
521 1771 661 1824 clypei
793 1791 813 1798 -
943 1788 964 1797 ·
1094 1787 1115 1795 -
1211 1784 1219 1792 ·
1244 1784 1265 1793 -
1390 1781 1413 1792 -
1499 1774 1517 1800 1
1544 1784 1646 1790 —
1669 1770 1690 1805 8
1716 1784 1817 1791 ——-

231 1837 438 1878 Latitndo
474 1837 563 1877 cius
602 1835 787 1876 maxima
917 1854 938 1862 -
1068 1851 1089 1860 -
1219 1850 1239 1859 -
1371 1848 1393 1858 -
1521 1848 1544 1858 -
1671 1835 1693 1871 8
1727 1848 1820 1856 —-

230 1902 437 1943 Altitudo
474 1901 603 1955 apicis
642 1900 760 1940 rostri
799 1896 983 1938 maxillis
1022 1893 1168 1936 claufis
1299 1912 1321 1922 -
1450 1913 1472 1923 —
1569 1913 1590 1921 -
1670 1904 1693 1929 2

468 1967 616 2020 capitis
654 1966 703 2005 ad
743 1965 890 2017 gnlnm
1024 1983 1045 1990 -
1175 1980 1195 1988 -
1323 1979 1343 1988 -
1471 1978 1492 1989 ·
1579 1978 1598 1988 -
1667 1959 1695 1994 6
1721 1980 1819 1986 —-

231 2033 304 2074 Ab
341 2033 460 2086 apice
497 2031 694 2071 maxillae
733 2027 961 2082 superioris
998 2026 1049 2066 ad
1085 2022 1262 2077 angulos
1302 2023 1387 2062 oris
1519 2044 1540 2052 -
1585 2072 1588 2075 ι
1652 2023 1695 2070 3;

232 2098 437 2139 Distantia
475 2098 584 2136 iuter
620 2095 800 2148 angulos
838 2093 924 2133 oris
1057 2112 1077 2120 -
1206 2109 1226 2117 -
1355 2109 1375 2118 -
1507 2109 1527 2118 -
1661 2090 1688 2124 6
1722 2109 1818 2116 —-

232 2163 304 2205 Ab
343 2162 505 2216 angulis
544 2161 630 2201 oris
669 2161 719 2200 ad
758 2159 949 2199 medinm
988 2154 1166 2197 oculum
1296 2174 1316 2183 -
1445 2174 1467 2182 -
1568 2174 1588 2183 -
1663 2166 1817 2202 4——

231 2227 456 2270 Diamcter
494 2227 657 2267 orbitae
790 2246 808 2253 ·
938 2245 959 2253 -
1090 2242 1110 2250 -
1239 2239 1259 2248 ·
1387 2239 1408 2246 -
1537 2236 1560 2246 ··
1667 2229 1690 2264 3
1722 2237 1818 2243 —-

233 2293 438 2334 Distantia
474 2294 584 2333 inter
621 2291 758 2331 sulcos
797 2288 931 2329 menti
1061 2307 1082 2316 -
1211 2302 1234 2314 -
1363 2303 1384 2313 -
1512 2303 1533 2313 -
1669 2293 1691 2318 2
1720 2301 1819 2307 -—-
