2034 2803
734 185 887 208 =-—
922 169 1077 225 (249)
1115 203 1266 208 ,--.-

180 297 235 327 ex
273 284 546 340 profundiori
583 293 699 340 parte
738 283 842 337 septi
882 284 1216 336 emergentibus.
1288 283 1334 323 ln
1375 286 1460 326 alio
1499 296 1640 327 tamen
1680 288 1813 327 corde

178 351 311 404 longe
359 351 513 400 aliter,
571 363 591 390 a
637 359 729 390 toto
775 348 851 389 filo
898 349 1175 401 cartilagineo
1222 348 1445 400 posteriori
1496 351 1654 391 sinistro
1703 353 1811 392 lianc

178 414 351 456 fasciam
381 416 463 455 late
495 415 599 455 oriri
623 413 734 460 x·idi‚·
772 423 818 452 rt
847 425 1023 464 magna,
1046 425 1181 466 eaque
1215 412 1419 457 latissima,
1451 415 1507 454 s'ui
1539 427 1657 468 parte
1692 430 1810 457 ntus-

180 480 328 520 culum
368 479 549 520 omnino
586 478 786 527 referret,
825 486 896 517 aut
931 476 1081 527 fibras,
1119 477 1346 517 ventriculi
1384 478 1552 529 sinistri,
1595 481 1634 520 in
1675 495 1808 534 angu-

176 543 347 584 stiorem
388 544 525 584 dextri
563 542 789 584 ventriculi
826 541 1073 595 angularem
1115 541 1282 582 fasciam
1322 543 1508 584 mediam
1539 546 1648 585 rem
1685 548 1808 598 super

178 607 297 649 striae
346 609 568 662 regionem
608 607 890 648 continuatas.
960 606 1149 647 Additae
1189 607 1266 647 liae
1305 606 1461 659 fibrae,
1499 608 1570 649 vbi
1610 610 1809 650 orieban-

178 682 273 723 tur,
331 672 532 714 fasciculo
585 672 725 723 striae,
779 670 850 711 xbi
905 671 1246 724 continuabant,
1303 673 1527 726 marginali
1584 674 1809 727 musculo,

178 747 299 778 erant
336 750 382 778 ea
420 739 611 789 ratione,
663 748 708 778 vt
745 749 941 790 magnam
980 737 1195 791 latamque
1237 736 1401 778 fasciam
1440 751 1519 778 vna
1556 739 1805 791 efficerent,

178 801 454 855 speciemque
502 803 674 843 maioris
723 801 833 854 quasi
880 801 1064 842 fasciculi
1110 801 1226 842 striae
1265 815 1364 856 prae
1403 802 1441 842 se
1482 803 1673 856 ferrent,
1721 818 1803 859 qua

177 877 296 920 parte
334 881 385 907 ex
425 867 582 908 finistro
618 866 863 908 ventriculo
901 866 1238 907 deducebantur.
1312 866 1411 907 Siue
1449 878 1567 908 ortae
1604 882 1708 910 vero
1747 883 1802 911 ex

176 930 293 971 striae
332 933 534 985 regione,
581 932 664 972 siue
702 931 932 986 productae
969 944 1023 972 ex
1058 931 1175 971 fibris
1215 932 1441 972 ventriculi
1480 932 1650 983 sinistri,
1689 934 1804 975 obli-

182 1008 263 1049 que
311 997 452 1036 versus
498 997 702 1049 angulum
749 995 977 1036 ventriculi
1025 1006 1067 1036 et
1109 996 1253 1036 versus
1302 996 1470 1038 fasciam
1517 1000 1800 1053 marginalem

179 1060 401 1111 angulares
440 1060 605 1100 mediae
643 1061 929 1109 adscendunt,
967 1060 1208 1114 partimque
1246 1061 1296 1101 ad
1335 1061 1613 1116 marginalem
1653 1065 1690 1105 se
1728 1078 1802 1119 ap-

177 1123 340 1176 plicant
375 1123 461 1174 (a),
499 1124 654 1175 partim
691 1123 918 1175 parallelae
957 1124 1177 1176 marginali
1215 1125 1264 1163 ad
1303 1126 1506 1178 angulum
1530 1140 1666 1182 vsque
1697 1142 1802 1168 con-

179 1187 347 1226 tinuant
382 1184 493 1238 (b),
548 1187 657 1227 circa
698 1199 825 1240 quem
863 1186 1103 1227 fleeiuntur.
1175 1187 1460 1243 Frequentius
1499 1192 1626 1232 etiam
1665 1203 1799 1234 totam

178 1250 351 1290 fasciam
387 1251 637 1302 contiguam
677 1251 924 1302 marginali,
963 1252 1036 1291 vix
1056 1251 1140 1291 vlla
1176 1252 1216 1291 in
1256 1266 1355 1292 eum
1391 1254 1494 1295 fibra
1533 1257 1710 1308 inserta,
1748 1260 1797 1299 ad

180 1314 386 1364 angulum
432 1315 659 1366 peruenire
704 1314 806 1353 vidi.
878 1314 1033 1355 flexae
1079 1315 1120 1355 in
1167 1315 1431 1369 superiorem
1478 1321 1691 1361 transeunt
1733 1323 1799 1362 su-

177 1377 398 1432 perficiem
437 1378 579 1417 cordis
619 1377 724 1430 (c),
762 1379 1103 1433 continuatoque
1142 1380 1265 1420 ducii]
1305 1384 1462 1422 eodem
1500 1384 1679 1439 oblique
1724 1388 1798 1428 ad-

181 1442 436 1492 scendente,
480 1441 703 1482 succelliue
741 1441 779 1482 se
816 1443 857 1482 in
896 1442 1021 1484 fibras
1060 1445 1302 1498 marginalis
1340 1447 1546 1490 insinuare
1586 1451 1696 1504 quasi
1734 1453 1798 1492 vi-

183 1507 336 1547 dentur
372 1505 473 1559 (d);
527 1507 639 1546 vnde
677 1519 836 1547 nomen
874 1508 924 1547 iis
963 1508 1289 1561 insinuatarum,
1337 1525 1461 1563 cum,
1517 1515 1587 1555 nisi
1626 1516 1795 1568 prorsus

183 1571 401 1621 constans,
459 1569 788 1623 frequentissima
826 1582 964 1612 tamen
1003 1582 1046 1613 et
1082 1573 1202 1614 solita
1239 1576 1342 1616 haec
1380 1577 1577 1620 strudiura
1615 1580 1686 1631 sit,
1727 1583 1798 1622 ad-

180 1636 285 1675 didi.
355 1634 566 1687 Insignem
604 1636 730 1675 etiam
770 1637 902 1689 magis
942 1638 981 1676 in
1021 1638 1110 1678 aliis
1143 1640 1346 1680 cordibus
1385 1643 1491 1683 hanc
1530 1645 1690 1697 primae
1728 1661 1800 1700 pa·

181 1701 283 1740 ri‘er
319 1713 365 1739 ac
403 1698 610 1739 secundae
649 1698 795 1740 asciae
833 1701 1088 1754 insinuatae,
1132 1703 1201 1743 seu
1241 1706 1388 1746 tertiae
1425 1709 1666 1762 angulariS,
1705 1711 1799 1751 insi-

179 1766 428 1804 nuationem
468 1764 578 1810 vidi3
618 1775 663 1804 vt
699 1776 741 1805 et
778 1765 1033 1806 manifestius
1072 1767 1110 1808 se
1147 1768 1374 1811 insinuatae
1410 1772 1539 1813 fibrae
1579 1774 1651 1815 sub
1690 1789 1797 1817 mar-

181 1829 340 1883 ginales
377 1828 644 1882 reciperent,
691 1839 735 1870 et
770 1830 1033 1885 copiosiores
1070 1832 1113 1883 in
1149 1834 1360 1887 angustius
1398 1839 1575 1892 spatium
1613 1842 1794 1882 coac‘tae.

1649 1952 1796 2008 Fascia

882 2028 1801 2048 Ἥ

259 2074 314 2117 (a)
349 2073 431 2108 lab.
463 2075 520 2108 lx.
550 2085 595 2116 31.

256 2132 311 2180 (b)
345 2135 427 2170 Tab.
461 2137 515 2170 IX.
542 2147 589 2179 ῃ.
617 2148 669 2180 34.
695 2148 739 2184 35.
768 2141 821 2183 36.

259 2197 315 2242 (c)
345 2199 430 2232 Tab.
459 2200 537 2234 Vll.
565 2212 596 2234 n.
623 2215 652 2236 v.

259 2260 315 2308 (d,
346 2264 365 2294 '1
381 2261 428 2295 ab.
458 2263 536 2298 vu.
564 2275 610 2299 w.

241 2344 365 2387 Noua
385 2348 491 2389 Aea
509 2348 642 2391 Acad.
663 2351 766 2407 Imp.
786 2351 858 2395 Sc.
878 2353 921 2396 T.
941 2352 1017 2395 IV.
1324 2356 1376 2400 Ii
