2034 2803
800 180 952 204 Ξ
987 162 1140 217 (264)

260 286 449 327 minores
487 283 647 335 aliquas
684 281 840 336 pariter
860 279 1082 321 variabiles
1121 278 1308 319 fasciolas
1348 275 1515 318 diuisae.
1583 276 1744 318 Earum
1782 287 1863 320 tres

259 361 423 392 tantum
460 350 501 389 in
539 349 623 389 hoc
662 348 810 397 corde,
847 345 887 384 in
926 345 1015 385 aliis
1050 355 1232 397 quatuor
1266 354 1336 384 aut
1372 344 1534 396 plilre5‚
1571 342 1861 383 obseruanrur.

255 415 397 456 Prima
433 414 601 455 illarum
639 411 723 464 (a)
761 423 816 451 ex
859 409 1007 463 insigni
1053 408 1254 449 columna
1298 409 1436 460 aliqua
1483 406 1598 446 fibris
1645 408 1861 448 nonnullis

257 480 585 529 continuando,
641 477 818 517 caeteris
855 488 910 515 ex
946 474 1219 514 interioribus
1256 472 1528 526 parietalibus
1572 471 1687 511 fibris
1725 485 1863 512 emer-

257 547 428 600 gendo,
465 544 625 594 oritur,
662 541 838 594 oblique
876 539 1088 592 paulisper
1124 551 1292 578 crenam
1329 537 1469 577 versus
1506 537 1706 589 procedit
1735 548 1776 576 et
1811 537 1863 577 ad

258 611 444 664 aliquam
479 608 726 662 portionem
762 603 1103 644 transuerlalium
1149 602 1412 656 superiorum
1459 599 1541 653 (h)
1587 601 1626 641 se
1663 601 1860 654 applicat.

258 675 454 718 Secunda
492 672 588 724 (ι’),
609 670 731 710 simili
777 669 939 709 ratione
975 680 1030 707 ex
1066 667 1181 708 hiatu
1227 665 1487 719 emergendo
1525 675 1863 716 orta‚transuer-

257 741 331 780 sim
367 739 477 779 reeta
496 736 613 777 fibris
644 733 891 788 aequalibus
928 732 980 772 ad
1016 744 1186 772 crcnam
1224 731 1522 785 progreditur,
1561 743 1697 784 prope
1737 743 1863 784 quam

255 806 313 845 ita
350 803 389 844 se
427 803 478 843 ad
515 810 711 841 externas
749 798 933 852 applicat
968 796 1120 848 fibras,
1172 806 1218 836 vt
1253 797 1416 836 hiatum
1452 796 1660 849 relinquat
1694 795 1736 834 in
1775 807 1863 833 me·

259 870 332 909 dio
353 868 475 908 strato
505 866 778 914 annularem,
815 863 1049 903 rotundum
1087 862 1230 901 exafte
1268 861 1486 910 foramen,
1522 870 1702 900 externo
1738 859 1863 899 struo

259 943 457 983 remoto,
494 930 789 971 exhibentem.
828 927 903 980 (d)
973 926 1150 976 Tertia,
1188 925 1254 977 (e)
1292 927 1376 979 pari
1415 925 1550 965 modo
1588 934 1704 974 orta,
1746 923 1863 963 fibi-is

259 999 445 1038 maxime
483 993 722 1036 transuersis
760 993 810 1033 ad
847 1003 1018 1032 crenam
1052 1003 1187 1043 vsque
1225 990 1444 1043 peruenit⁷
1501 990 1541 1029 iu
1583 1001 1764 1041 eamque
1802 988 1864 1027 in-

258 1063 422 1103 seritur.
491 1059 665 1112 Aliquis
703 1059 745 1097 iu
783 1057 860 1097 liae
896 1054 990 1095 sede
1027 1068 1161 1108 prope
1200 1067 1370 1094 crenam
1401 1054 1451 1093 ad
1488 1053 1618 1092 finem
1656 1062 1865 1091 transuer-

257 1128 405 1168 salium
443 1123 695 1164 inferiorum
733 1121 870 1160 hiatus
908 1118 1143 1157 constanter
1175 1118 1262 1155 fere
1291 1117 1370 1155 csse
1400 1116 1519 1154 solet.
1588 1115 1739 1166 Longe
1777 1127 1864 1154 ma-

258 1192 396 1232 iorem
433 1190 473 1228 in
512 1188 596 1228 alio
635 1185 792 1235 corde,
829 1195 906 1223 nec
945 1181 1081 1220 multo
1112 1179 1289 1219 ventrali
1327 1179 1565 1228 minorem,
1602 1178 1704 1217 vidi.
1775 1175 1865 1217 Oc-

260 1263 436 1296 currunt
472 1253 598 1291 etiam
636 1248 823 1288 defestus
861 1244 1074 1284 eiusmodi
1119 1244 1161 1280 in
1198 1243 1292 1294 ipsis
1330 1241 1616 1293 superioribus
1654 1250 1866 1279 transuer-

257 1320 307 1359 fis
345 1329 479 1371 prope
518 1325 703 1354 crenam.
772 1309 896 1359 Vbi,
953 1305 1319 1361 quemadmodum
1366 1304 1529 1343 firmius
1577 1304 1756 1343 omnino
1794 1317 1868 1344 ex-

260 1382 390 1424 ternis
429 1379 594 1420 mediae
630 1374 776 1416 sensim
812 1372 943 1413 fibrae
989 1371 1296 1420 adnascuntur,
1349 1368 1650 1420 difficiliusque
1696 1367 1867 1407 soluun·

261 1458 328 1488 tur
364 1446 414 1486 ab
452 1444 525 1491 iis;
562 1441 687 1482 variis
724 1439 767 1479 in
805 1437 970 1477 sedibus
1011 1436 1255 1488 frequenter
1291 1434 1468 1483 accidit,
1512 1442 1557 1471 vt
1594 1431 1711 1472 nulla
1747 1444 1869 1484 pror-

261 1513 327 1554 sus
365 1509 528 1551 ratione
565 1506 672 1547 solui
718 1511 907 1559 queant,
961 1501 1063 1555 quin
1098 1512 1199 1539 uias
1238 1499 1380 1552 potius
1418 1497 1675 1549 easdemque
1716 1495 1868 1548 fibras,

262 1578 347 1618 siue
383 1584 607 1623 externas,
644 1570 730 1610 siue
769 1567 955 1617 medias,
992 1578 1060 1605 eas
1087 1576 1242 1604 vocare
1278 1562 1493 1612 volueris,
1529 1560 1739 1611 efficiant,
1776 1560 1871 1612 qui-

265 1642 343 1682 bus
380 1651 484 1691 ergo
523 1646 796 1677 externarum
832 1632 934 1672 loco
970 1629 1184 1680 remotis,
1233 1624 1420 1666 defeaus
1457 1627 1695 1666 mediarum
1730 1625 1774 1664 in
1809 1623 1870 1664 se·

264 1705 388 1748 dibus
425 1703 475 1743 iis
513 1707 730 1755 apparent.

752 1824 813 1866 De
849 1823 966 1865 medii
998 1820 1121 1876 strati
1164 1817 1385 1876 cltjseHihus.

459 1894 680 1937 Maximus
725 1904 829 1945 ergo
877 1888 1004 1929 medii
1056 1886 1162 1927 strati
1218 1885 1416 1925 fibrarum
1460 1880 1686 1923 ventriculi
1733 1880 1872 1921 dextri

269 1964 455 2006 defec‘tus
494 1962 536 2001 in
573 1958 703 2013 apicis
749 1956 927 2009 regione
965 1953 1054 2005 cst,
1107 1951 1225 1991 cuius
1269 1960 1356 1990 tota
1400 1948 1588 2002 superior
1630 1945 1871 1999 superficies

1808 2010 1872 2050 his

267 2090 1872 2132 ...--——-———----—-—-····—-·-····—-—‘-

318 2170 372 2214 (a)
399 2166 485 2199 τώ,
512 2165 581 2197 vu.
609 2174 654 2204 13.

318 2217 371 2255 (b,
402 2216 476 2249 Tab
518 2215 586 2247 Vll.
618 2224 664 2254 14.

316 2270 378 2316 (c)
406 2266 490 2300 'rau
518 2264 589 2299 vu.
620 2275 673 2296 20.

316 2320 379 2359 (d)
408 2318 494 2352 Tab,
522 2315 591 2347 Vll.
621 2324 665 2354 17.

318 2369 382 2415 (e)
411 2366 496 2401 Tul).
525 2365 604 2398 Vll.
630 2373 673 2396 21.
