2034 2803
834 189 988 204 ·-——
1021 175 1176 232 (152)
1209 193 1362 218 Ξ

284 306 450 350 quonam
486 299 616 333 autem
650 290 856 333 ratiocInio
891 289 991 333 haec
1023 290 1181 334 ἱαῖὶιινα
1222 291 1400 336 concludi
1434 291 1551 348 poffit
1570 321 1586 348 ,
1637 290 1742 337 nullo
1777 299 1891 342 modo

277 359 532 417 perspicitur.

474 487 509 542 ς.
546 500 589 541 7.
660 485 793 542 Quod
838 486 971 540 ipitur
1011 487 1154 541 primo
1189 489 1241 530 ad
1277 488 1382 530 illud
1421 487 1671 542 paradoxon
1708 490 1884 544 attinet,

278 554 397 611 quod
435 552 470 606 ᾗ.
494 566 534 592 2.
557 552 826 602 continetur,
862 552 966 592 illud
1003 552 1055 592 fic
1093 553 1149 594 sat
1185 555 1295 594 clare
1333 553 1583 607 explicatur.
1656 553 1768 596 Cum
1804 570 1885 609 pro

278 619 369 663 casu
408 618 495 659 illic
532 617 708 657 tractato
743 615 967 656 resistentia
993 617 1116 657 vnice
1147 618 1378 659 secundum
1408 615 1744 671 profunditatem
1773 619 1888 662 fora-

276 685 403 726 minis
433 697 464 723 x
489 682 676 722 xarietur
695 708 708 731 ,
747 692 824 721 nec
854 690 1030 734 propter
1065 681 1326 724 celeritatem
1365 683 1499 723 minui
1528 683 1595 724 vel
1632 685 1776 738 augeri
1805 698 1886 738 po-

275 760 423 798 natur,
459 746 696 799 cademque
734 758 866 799 porro
898 745 983 796 sola
1011 745 1126 786 illam
1156 747 1243 787 vim
1270 747 1448 798 efficiat,
1488 760 1594 800 quae
1622 749 1663 788 in
1694 748 1882 790 tabulam

272 814 359 868 agit
395 812 520 866 eique
558 820 725 851 motum
763 809 942 861 tribuit,
988 811 1227 852 mirandum
1265 823 1379 854 certe
1417 825 1503 852 non
1540 811 1629 864 est,
1673 813 1882 854 maiorem

272 878 436 934 glandis
469 876 732 917 celeritatem
763 888 888 929 quam
910 873 958 926 k,
994 876 1242 930 neutiquam
1279 878 1488 918 maiorem
1527 890 1702 931 quoque
1733 879 1884 918 celeri·

272 954 402 985 tatem
441 943 481 982 in
520 940 660 982 tabula
708 940 971 994 producere;
1026 940 1116 980 imo
1152 954 1206 982 ex
1243 941 1320 983 hac
1359 942 1697 983 confidet-atione
1734 943 1879 996 potius

270 1008 407 1051 videri
443 1006 603 1061 posset,
642 1017 924 1058 quaecunque
962 1004 1126 1057 glandis
1163 1005 1211 1046 fit
1247 1005 1459 1058 celeritas,
1498 1007 1678 1048 eandem
1716 1008 1881 1060 semper

271 1072 438 1114 tabulae
459 1070 537 1111 effe
566 1078 792 1121 oportere;
833 1081 906 1108 cur
943 1067 983 1107 id
1021 1079 1161 1107 autem
1198 1070 1344 1108 locum
1383 1082 1469 1109 non
1506 1070 1684 1118 habeat,
1721 1081 1763 1110 et
1796 1084 1877 1123 pro

270 1138 432 1178 maiore
471 1133 633 1189 glandis
671 1132 884 1172 celeritate
913 1143 1038 1182 quam
1068 1143 1113 1171 ea
1150 1144 1255 1184 quae
1293 1132 1431 1171 littera
1467 1132 1489 1171 k
1527 1133 1760 1183 indicatur,
1799 1135 1879 1173 mi-

269 1214 421 1244 norem
459 1198 600 1240 tabula
643 1197 865 1249 acquirat,
917 1195 959 1235 id
1004 1196 1241 1249 explicatur
1277 1196 1613 1236 consideratione
1651 1199 1872 1249 temporis.

269 1266 383 1307 Cum
420 1264 533 1304 enim
571 1269 849 1313 augmentum
894 1259 1156 1308 celeritatis,
1213 1260 1330 1311 quod
1375 1272 1530 1311 corpus
1579 1260 1874 1314 qualecunque

268 1332 405 1384 capit,
458 1335 665 1380 aequetur
701 1323 912 1378 producto
949 1322 1012 1363 vis
1050 1322 1357 1363 acceleratricis
1394 1322 1434 1361 in
1472 1322 1735 1362 elementum
1771 1333 1877 1364 tem-

1764 1383 1842 1407 nat

269 1396 411 1452 poriS,
463 1393 519 1432 ita
556 1399 600 1430 vt
636 1389 827 1430 celeritas
865 1386 1030 1428 tabulae
1075 1386 1273 1442 acquisita
1318 1388 1582 1441 exprimatur
1617 1399 1693 1440 per
1764 1418 1839 1450 ‘u‘
1863 1416 1877 1439 ,

269 1472 428 1514 clarum
466 1466 522 1507 cst
558 1466 734 1506 caeteris
771 1462 967 1518 paribus,
1021 1476 1107 1516 quo
1146 1464 1284 1503 minus
1322 1463 1369 1502 fit
1405 1472 1574 1516 tempus
1613 1471 1654 1513 t,
1699 1463 1874 1504 durante

271 1549 356 1591 quo
396 1531 614 1574 resistentia
650 1530 692 1569 in
731 1528 915 1569 tabulam
962 1528 1080 1581 agit,
1136 1541 1190 1568 eo
1229 1527 1441 1567 minorem
1484 1527 1574 1566 eius
1613 1527 1875 1568 celeritatem

267 1600 440 1642 finalem
478 1596 662 1636 futuram
699 1594 795 1634 effe.
864 1592 927 1633 At
961 1605 1094 1645 aeque
1132 1602 1278 1644 patet,
1332 1605 1418 1645 quo
1458 1592 1608 1632 maiori
1645 1592 1874 1632 velocitate

268 1666 386 1721 glans
423 1662 464 1702 in
502 1659 686 1701 tabulam
725 1656 995 1711 impellatur,
1038 1670 1091 1696 eo
1129 1656 1316 1696 breuiori
1355 1665 1549 1708 tempore
1587 1656 1693 1696 hanc
1730 1656 1876 1709 perfo-

267 1731 372 1781 rari,
425 1727 637 1779 ideoque,
674 1735 771 1764 cum
810 1720 949 1761 omnis
989 1720 1207 1760 ressstentia
1244 1719 1293 1759 ab
1332 1719 1416 1759 hoc
1454 1729 1678 1759 momento
1717 1720 1874 1770 cesset,

267 1809 321 1837 eo
367 1793 579 1833 minorem
627 1789 666 1828 in
712 1786 854 1828 tabula
907 1785 1088 1839 produci
1132 1784 1422 1824 velocitatem.
1513 1781 1644 1837 Quod
1691 1783 1717 1823 ss
1762 1796 1872 1823 xero

267 1862 385 1916 glans
423 1856 639 1898 celeritate
677 1852 839 1892 infinita
883 1851 925 1890 in
969 1850 1154 1890 tabulam
1198 1849 1438 1902 impingat,
1493 1847 1655 1886 infinite
1693 1860 1873 1901 paruum

266 1935 362 1975 aut,
408 1921 523 1976 quod
561 1919 717 1959 eodem
754 1916 889 1968 redit,
943 1914 1107 1955 nullum
1145 1913 1312 1968 prorsus
1351 1915 1390 1953 in
1429 1925 1476 1952 ea
1515 1922 1682 1952 motum
1720 1912 1873 1963 ciebit,

269 1989 473 2044 quoniam
509 1983 731 2025 resistentia
766 1995 840 2036 per
877 1991 1044 2033 tempus
1070 1978 1342 2020 solummodo
1372 1977 1534 2017 infinite
1573 1990 1749 2031 paruum
1789 1976 1870 2016 siue

268 2054 435 2096 nullum
473 2052 512 2089 in
552 2061 645 2089 eam
683 2059 808 2100 agere
846 2044 1005 2099 potest,
1043 2046 1159 2099 glans
1183 2053 1329 2084 contra
1366 2042 1581 2082 celeritate
1619 2044 1684 2081 lua
1722 2041 1869 2081 initiali

267 2118 360 2175 post
396 2116 653 2172 perfivratam
693 2110 877 2152 tabulam
915 2111 1081 2151 moueri
1119 2119 1299 2163 perget,
1352 2108 1466 2161 quod
1505 2117 1734 2159 vtrumque
1773 2118 1869 2146 cum

270 2182 456 2226 formula
502 2179 568 2219 111.
618 2177 763 2217 Eulcri
811 2176 1029 2216 conuenit.
1109 2174 1189 2216 Vis
1235 2173 1330 2212 rina
1378 2185 1508 2225 porro
1554 2182 1648 2211 ante
1695 2182 1735 2211 et
1781 2169 1871 2223 post

270 2247 515 2291 conflicium
553 2244 632 2284 erit
667 2242 816 2282 eadem
856 2241 1089 2285 :Mem
1145 2239 1260 2292 quod
1300 2238 1471 2291 quidem
1511 2249 1606 2276 cum
1645 2235 1678 2288 ἧ.
1719 2247 1758 2282 3,
1795 2248 1872 2287 pu-

267 2326 395 2371 gnare
430 2310 624 2362 videtur,
675 2307 746 2347 tbi
784 2306 1023 2362 deperditio
1060 2305 1149 2346 cius
1186 2316 1261 2358 pcr
1298 2298 1558 2357 4gsRDx
1594 2299 1868 2354 exprimitur:

1831 2371 1872 2401 at
