2034 2803
125 1286 192 1334 rig.
210 1298 240 1323 2.

303 214 369 253 94
845 190 1384 236 HrsTOIRE.

305 311 576 355 micirculum
622 323 709 353 non
756 310 984 351 excedunt.
1070 308 1220 350 Priore
1263 323 1367 350 vero
1405 308 1498 351 casu
1534 311 1615 350 erit
1648 311 1771 355 fimul
1807 311 1906 354 AC

304 377 519 429 ΞΒΕ,
571 377 690 418 cuius
736 375 1069 431 applicationem
1113 375 1165 415 ad
1210 376 1350 418 casum
1396 374 1488 416 satis
1536 374 1716 417 obvium
1770 379 1906 419 adhuc

305 443 538 486 ostendam.

496 572 621 615 Licet
663 585 793 614 omne
839 571 1097 627 triangulum
1143 570 1316 627 planum
1354 571 1522 614 duobus
1558 572 1724 626 angulis
1762 571 1912 625 cogni-

303 639 356 680 tis
393 639 576 680 construi
612 639 734 691 poffit
770 637 984 688 (mensura
1022 651 1176 691 nempe
1214 639 1427 679 arbitraria
1464 639 1689 688 assumta),
1726 638 1767 676 in
1807 650 1912 690 ope-

301 704 537 745 rationibus
583 712 724 741 tamen
771 701 1031 754 geodaeticis
1078 713 1229 741 ornnes
1276 712 1360 743 tres
1399 701 1542 753 anguli
1580 700 1810 741 mensurari
1847 700 1912 740 so-

300 768 413 819 lent,
451 777 522 817 ut,
558 765 585 805 fi
621 777 773 805 eorum
811 764 973 805 summa
1014 767 1119 807 180⁰
1154 767 1358 816 excedat,
1412 765 1536 805 huius
1581 766 1768 805 excessus
1807 765 1911 818 (qui

301 832 464 873 nonnisi
498 830 633 870 errori
669 830 711 869 in
749 828 1043 869 observatione
1082 830 1304 870 commisso
1342 829 1469 869 tribui
1507 829 1633 880 solet)
1658 830 1778 869 tertia
1815 843 1907 882 pars

302 896 514 951 afingulis
547 894 710 947 angulis
738 893 966 935 auferatur.
1018 892 1173 933 Fateor
1207 894 1436 946 equidem,
1475 893 1755 933 differentiam
1794 893 1909 933 istam

300 962 532 1002 maximam
578 968 741 1012 partem
788 970 930 997 errore
978 957 1020 996 in
1067 958 1317 1010 operatione
1361 957 1446 1011 ipsa
1492 957 1714 997 commisso
1757 956 1908 1009 gigni,

301 1040 389 1081 quo
437 1025 486 1065 ab
531 1036 674 1063 errore
720 1022 989 1076 peritissimus
1033 1022 1214 1074 quisque
1254 1020 1471 1063 Geodaeta
1517 1020 1686 1074 prorsus
1732 1020 1804 1060 sibi
1842 1034 1910 1062 ca·

299 1103 398 1131 vere
434 1090 508 1141 vix
542 1088 715 1141 poterit.
785 1086 989 1125 Attamen
1028 1085 1139 1124 haud
1177 1085 1361 1124 alienum
1399 1085 1567 1124 videtur
1612 1085 1680 1124 hic
1726 1086 1908 1138 notass'e,

299 1156 495 1207 integrum
530 1151 653 1192 istum
689 1162 878 1191 errorem
913 1161 1138 1203 perperam
1174 1147 1251 1188 soli
1289 1148 1529 1203 operationi
1565 1149 1750 1189 attribui.

495 1282 589 1324 Sint
623 1281 681 1332 Α,
717 1281 770 1332 Β,
807 1277 843 1321 C
881 1280 956 1320 tria
991 1279 1143 1333 puncta
1180 1279 1222 1319 in
1261 1278 1423 1320 telluris
1462 1278 1707 1333 superficie,
1753 1291 1776 1318 e
1815 1278 1908 1332 qui·

302 1348 380 1390 bus
419 1347 560 1401 anguli
597 1344 753 1396 ΒΑΕ,
791 1344 887 1385 ΑΒ
910 1343 964 1395 Ε,
1000 1344 1042 1384 A
1066 1342 1156 1384 CB
1196 1343 1486 1384 observantur.
1555 1344 1617 1386 At
1654 1343 1794 1396 anguli
1832 1343 1909 1383 ob·

301 1414 447 1455 servati
488 1425 574 1451 non
611 1410 704 1450 sunt
739 1409 912 1450 chordis
936 1407 1042 1459 ΑΒ,
1061 1406 1170 1460 ΑΕ,
1192 1408 1276 1449 ΒΕ
1313 1408 1551 1461 intercepti.
1622 1407 1906 1447 Instrumento

300 1478 416 1519 enim
453 1477 550 1516 situs
589 1475 711 1515 datur
743 1474 982 1524 verticalis,
1019 1482 1145 1525 atque
1186 1485 1360 1512 normae
1400 1472 1638 1524 dioptricali
1669 1471 1780 1521 AD,
1805 1471 1906 1523 AF,

299 1553 380 1583 etc.
417 1541 515 1581 situs
552 1539 863 1590 horizontalis,
900 1537 1011 1577 unde
1046 1547 1186 1589 patet,
1238 1537 1368 1577 lineas
1405 1536 1575 1576 vifionis
1618 1534 1747 1587 AD,
1785 1535 1825 1575 Α
1850 1534 1904 1586 F,

297 1607 378 1648 effe
415 1614 635 1658 tangentes
674 1615 849 1643 arcuum
886 1600 996 1651 AC,
1032 1601 1146 1651 AB,
1184 1600 1515 1652 observatosque
1552 1600 1631 1640 efl'e
1668 1599 1846 1653 angulos
1883 1612 1906 1640 a

300 1669 573 1724 tangentibus
610 1666 740 1717 AD,
777 1665 898 1717 AF,
935 1667 1168 1713 formatos,
1224 1666 1293 1716 qui
1331 1677 1430 1713 cum
1467 1665 1630 1716 angulis
1678 1664 1902 1716 sphaericis

299 1733 483 1787 ΒΑΕ,
518 1743 599 1774 etc.
637 1739 894 1784 congruunt.
965 1728 1076 1768 Hinc
1115 1728 1325 1781 lequittlr,
1362 1727 1567 1766 summam
1607 1727 1734 1767 trium
1772 1740 1903 1780 angu-

297 1802 442 1842 lorum
489 1811 615 1852 quam
662 1794 961 1836 accuratissime
1006 1791 1329 1832 observatorum
1377 1790 1541 1844 semper
1586 1791 1675 1831 fore
1713 1793 1754 1841 >
1781 1793 1899 1834 150⁰.

300 1863 374 1907 Ob
411 1875 609 1918 parvam,
649 1873 776 1914 quam
813 1859 907 1898 loca
936 1857 994 1907 Α,
1029 1857 1082 1907 Β,
1121 1855 1175 1907 C,
1211 1857 1321 1896 inter
1357 1854 1395 1895 se
1433 1865 1575 1896 tenere
1613 1855 1786 1904 debent,
1816 1867 1902 1907 quo

297 1928 461 1983 fingula
496 1927 592 1968 bina
627 1939 650 1966 e
688 1925 814 1966 tertio
851 1922 1022 1976 spectari
1059 1922 1234 1975 posiint,
1272 1920 1529 1972 distantiam,
1565 1920 1706 1973 anguli
1747 1919 1903 1971 DAF,

300 2005 383 2036 etc.
421 1992 470 2034 ab
507 1990 670 2045 angulis
709 1988 862 2031 ΕΑΒ
902 1986 1014 2027 haud
1060 1985 1304 2026 sensibiliter
1341 1986 1541 2037 equidem
1579 1984 1901 2037 discrepabunt,

294 2068 423 2112 atque
469 2055 706 2097 differentia
748 2054 822 2094 vix
869 2063 1055 2104 unquam
1105 2047 1196 2090 20²²
1239 2050 1435 2090 excedet.
1520 2048 1814 2090 Veruntamen
1862 2056 1904 2088 et

293 2123 396 2165 hinc
433 2120 643 2175 sequitur,
681 2118 798 2171 quod
838 2116 1010 2170 quidem
1048 2115 1188 2169 plures
1227 2115 1329 2154 aliae
1367 2113 1540 2154 svadent
1574 2115 1785 2154 rationes:
1829 2113 1906 2152 de·-

297 2187 521 2228 terminata
558 2185 649 2225 base
686 2183 755 2223 vel
792 2181 976 2222 stationis
1015 2179 1125 2220 linea
1161 2179 1197 2219 Α
1220 2178 1280 2229 B,
1333 2180 1532 2233 punctum
1572 2177 1607 2219 C
1646 2179 1808 2231 optime
1848 2176 1902 2216 sic

296 2251 468 2302 afnimi,
504 2259 551 2292 ut
586 2247 844 2303 triangulum
880 2243 1063 2295 ACB,
1102 2254 1303 2298 quantum
1340 2243 1430 2284 fieri
1466 2244 1616 2298 potiit,
1652 2242 1723 2284 fiat
1757 2243 1903 2295 aequi·

298 2328 485 2359 crurum.

1817 2368 1901 2411 DE
