2034 2803
831 160 1189 218 ’ἑὴν-«ᾤ’

200 291 422 348 NOVA
483 287 697 341 ACTA
756 284 1220 336 ACADEMIAE
1275 283 1827 342 SCIENTIARVM

602 382 1055 436 IMPERIALIS.
1121 381 1307 432 Tons
1343 383 1426 435 IV.

713 518 798 552 Cum
827 513 917 550 Vm.
945 513 1086 551 Tabulis
1113 516 1179 550 acri
1211 511 1326 551 incisis.

201 757 661 810 MATHEMATIC
663 758 707 804 A
1720 763 1819 818 Pag.

201 869 436 915 LEONH.
492 867 715 911 EVLER.
804 866 987 909 Euoluti0
1031 866 1235 924 formulae
1287 867 1498 922 integralis

381 932 544 991 sax(
591 935 599 950 ¹
672 934 826 996 -ὶ-ᾒ)
880 947 905 974 a
950 936 1113 974 termino
1165 946 1322 975 xzo
1376 946 1498 987 vsque
1540 935 1599 975 ad

558 979 650 998 1—-x

390 1025 501 1053 x:
528 1024 545 1048 1
587 1008 787 1064 extensae.
858 1010 972 1051 Tab.
1011 1009 1044 1050 Ι.
1096 1009 1167 1064 fig.
1212 1023 1250 1050 1.
1398 1032 1419 1041 -
1568 1033 1588 1042 —
1742 1025 1785 1064 3.

198 1114 302 1120 —-
366 1112 472 1117 -—
551 1085 721 1128 Vberlor
766 1086 983 1140 explicatio
1029 1085 1200 1127 methodi
1231 1085 1460 1140 singularis
1500 1094 1624 1141 nuper

392 1152 624 1206 expositae,
676 1151 895 1205 integralia
931 1150 1038 1192 alias
1082 1152 1261 1192 maxime
1297 1149 1530 1206 abscondita
1564 1154 1624 1192 in-

392 1217 628 1272 vestigandi.
761 1239 781 1247 -
930 1238 950 1246 -
1100 1236 1119 1245 -
1267 1238 1287 1246 -
1438 1238 1459 1247 —
1589 1239 1608 1248 -
1745 1231 1764 1257 1
1774 1231 1815 1272 7.

535 1293 718 1348 Analisl's
756 1291 894 1348 facilis
931 1297 982 1333 &³
1013 1291 1140 1346 plana
1175 1292 1233 1332 ad
1264 1305 1332 1332 eas
1364 1290 1493 1346 series
1535 1305 1621 1332 ma-

389 1361 498 1400 xime
535 1357 736 1412 abstrusas
778 1358 997 1411 perducens
1017 1387 1030 1409 ,
1083 1355 1222 1410 quibus
1266 1358 1434 1397 onmium
1471 1370 1618 1410 aequa·-

390 1426 534 1464 tionum
570 1421 895 1477 algehraiearum
931 1435 1005 1463 non
1029 1420 1163 1476 solum
1200 1421 1357 1461 radices
1383 1420 1518 1475 ipsae,
1543 1419 1625 1475 sed

390 1490 508 1526 etiam
544 1489 706 1538 quaeuis
742 1499 878 1525 earum
909 1485 1122 1538 potestates
1157 1485 1334 1537 exprimi
1362 1484 1528 1535 poffimt.
1595 1508 1615 1516 -
1734 1497 1809 1538 5¹5.

514 1559 576 1598 De
611 1560 821 1598 innumeris
855 1556 1066 1611 generibus
1091 1556 1288 1612 serierum
1324 1559 1501 1599 maxime
1537 1571 1615 1600 me-

390 1622 668 1674 morabilimn,
721 1621 859 1675 quihus
895 1623 1063 1663 omnium
1098 1624 1372 1675 aequatiomtm
1408 1621 1616 1677 algebrai-

388 1700 524 1728 carum
559 1700 632 1728 non
658 1685 789 1742 solum
827 1688 982 1728 radices
1027 1685 1169 1742 ipsae,
1209 1685 1290 1742 sed
1331 1688 1450 1728 etiam
1493 1700 1613 1741 quae-

387 1765 531 1807 eunque
566 1765 702 1794 earum
734 1753 944 1808 potestates
980 1754 1155 1806 exprimi
1184 1751 1349 1806 poffitnt.
1453 1775 1473 1783 -
1602 1776 1623 1785 -
1731 1769 1806 1809 74,

192 1854 295 1862 -—
360 1854 465 1861 -——
532 1828 594 1870 De
630 1828 732 1871 binis
768 1832 903 1871 curvis
939 1829 1184 1885 algebraicis
1219 1816 1482 1883 iniceniendis‚
1517 1843 1615 1884 qua-

387 1907 473 1936 rum
509 1908 626 1936 arcus
661 1896 857 1947 indefinite
892 1897 992 1937 inter
1015 1894 1064 1951 se
1085 1896 1169 1950 fine
1203 1895 1399 1949 aequales.
1439 1896 1554 1938 Tab.
1577 1896 1610 1937 Ι.

383 1961 456 2015 fig.
500 1974 539 2000 2.
580 1974 621 2010 3.
660 1977 703 2012 4.
836 1983 857 1991 -
987 1983 1009 1992 -
1142 1983 1163 1991 -
1291 1983 1312 1992 -
1441 1983 1461 1992 -
1592 1984 1613 1992 —
1726 1965 1803 2014 96.

194 2037 401 2083 NICOL.
431 2039 589 2081 FVSS.
658 2039 813 2082 Solatia
844 2039 1108 2094 problematis
1142 2054 1195 2083 ex
1229 2040 1407 2082 methodo
1445 2050 1610 2094 tangen-

381 2107 477 2146 tium
514 2104 683 2160 inuersa.
755 2106 869 2147 Tab.
906 2106 938 2146 I.
983 2105 1056 2161 fig.
1097 2118 1138 2156 5.
1178 2109 1220 2147 6.
1290 2105 1405 2148 Tab.
1444 2106 1499 2147 ΙΙ.
1536 2106 1609 2160 fig.

389 2182 407 2208 1
447 2193 552 2199 —
588 2185 631 2225 7·
764 2192 784 2202 ..
912 2193 933 2202 -
1064 2193 1086 2202 -
1216 2193 1237 2204 -
1383 2193 1405 2201 -
1543 2193 1565 2204 -
1702 2184 1803 2224 104.

194 1583 300 1591 n„—

969 2333 1025 2390 ><
1059 2346 1083 2385 3
1661 2335 1802 2378 ΡΗΥ-
