2034 2803
701 203 855 227 ==
889 187 1046 242 (279)

493 311 1449 388 ECHENEIDIS

632 443 882 498 NovA
935 443 1311 497 SPECIES.

875 645 1066 686 Aueiore

632 741 971 786 BASILIO
1027 740 1312 785 ZUIEW.

539 971 725 1014 Conuent.
764 972 899 1013 exhib.
938 974 1000 1012 die
1043 985 1059 1009 1
1102 969 1210 1021 Mai,
1254 980 1390 1022 1788.

837 1142 896 1178 ,Γ

155 1259 306 1349 Binas
345 1309 621 1350 solummodo
660 1318 874 1350 memorat
908 1310 1122 1350 Linnaeus
1160 1308 1463 1351 Echeneidum
1494 1309 1674 1363 species,
1699 1308 1783 1350 Re-

155 1387 321 1415 moram
369 1387 522 1428 nempe
567 1375 859 1428 antiquiiiimis
906 1375 1177 1428 temporibus
1217 1386 1362 1417 notam
1400 1385 1442 1415 et
1479 1375 1778 1426 Nem-atem,

156 1439 261 1480 facie
307 1449 481 1481 externa
527 1449 569 1478 et
614 1452 794 1480 numero
841 1439 1056 1480 sulcorum
1104 1440 1145 1479 in
1194 1441 1343 1493 capitis
1393 1441 1549 1494 clypeo
1589 1440 1701 1480 inter
1737 1440 1776 1480 se

154 1505 491 1552 distinsti'iimasg
529 1505 695 1544 tei-tim
734 1518 845 1545 nunc
885 1506 952 1545 hic
990 1505 1194 1560 praestare
1234 1505 1354 1545 lubet
1388 1507 1429 1545 in
1460 1507 1608 1545 mineo
1633 1505 1777 1545 nostro

153 1570 420 1611 Academico
458 1569 724 1620 existentem,
764 1584 870 1623 quae
909 1569 1009 1610 licet
1046 1570 1086 1609 in
1126 1570 1270 1609 multis
1305 1571 1513 1611 conuenit
1534 1583 1633 1610 cum
1657 1570 1780 1610 Neu-

156 1645 290 1681 c1·nre;
330 1634 502 1675 instilla
538 1645 677 1675 tamen
716 1635 919 1675 inferiore
959 1635 1143 1675 multum
1180 1634 1396 1688 longiore,
1427 1636 1586 1689 clypeo
1610 1635 1780 1686 maiori,

156 1710 198 1740 et
245 1700 400 1739 minori
448 1701 488 1739 in
527 1698 603 1740 illo
641 1699 856 1739 sulcorum
897 1713 1078 1739 numero
1117 1699 1260 1739 differt
1295 1699 1347 1740 ab
1385 1699 1477 1753 ipso
1515 1713 1568 1740 eo
1608 1700 1779 1750 modo,

154 1774 200 1805 vt
237 1778 507 1819 nequaquam
545 1778 623 1818 pro
661 1766 861 1805 varietate
898 1765 1094 1805 eiusdem
1133 1764 1277 1804 haberi
1317 1765 1467 1819 potest.
1539 1765 1653 1805 Hinc
1692 1774 1777 1804 ter-

156 1830 255 1870 tiam
297 1829 420 1869 huius
459 1830 624 1883 generis
663 1828 845 1883 speciem
882 1830 1202 1870 introducendo
1240 1841 1377 1870 ratum
1416 1829 1523 1869 mihi
1554 1829 1657 1869 duxi
1681 1841 1777 1870 eam

156 1894 407 1935 accuratiori
446 1896 608 1934 tradere
647 1894 919 1948 descriptioni
956 1905 1000 1934 et
1034 1908 1115 1948 pro
1152 1893 1353 1935 affinitate
1389 1895 1481 1934 eius
1519 1906 1619 1934 cum
1655 1893 1778 1935 Neu-

158 1969 271 2000 crute
309 1958 534 2013 imponere
572 1972 731 2001 nomen
768 1957 1067 2001 Nemi-atomis.

644 2084 885 2136 Echeneis
920 2084 974 2136 N
977 2083 1298 2136 eucratoideS.

498 2179 758 2232 Magnitudo
802 2191 844 2221 ct
880 2180 1007 2221 facies
1046 2178 1135 2219 fere
1174 2179 1432 2221 Neucratae.

355 2252 509 2307 Corpus
545 2256 779 2297 :introrsum
817 2257 866 2298 ad
905 2256 1131 2297 dimidium
1171 2255 1257 2297 fere
1296 2255 1661 2311 plagioplateum,
1707 2268 1774 2297 re—

157 2319 340 2360 trorsum
379 2330 504 2372 teres,
543 2321 801 2376 oblongum,
839 2323 889 2363 ad
928 2322 1107 2363 caudam
1136 2321 1284 2362 sensim
1306 2322 1570 2364 decrescens.
1639 2319 1776 2374 Squa-

1686 2398 1773 2428 mae
