2034 2803
806 204 959 228 =
993 188 1150 245 (272)

461 308 612 350 Plures
649 306 880 357 mtxtura5‚
933 318 1041 361 quae
1084 305 1302 348 inferioris
1350 314 1474 346 notae
1518 306 1723 361 produe‘ta
1757 322 1879 364 prae-

270 381 479 429 buerunt,
514 374 680 418 silentio
716 384 922 427 premam.

460 505 731 557 Praeparata<
768 500 972 554 expositis
1010 500 1150 542 modis
1190 500 1362 542 tabellas
1399 499 1439 539 in
1476 499 1595 554 plura
1640 501 1877 556 fragmenta

269 571 461 616 dissecaui
499 580 541 610 et
577 567 764 608 cuiusuis
803 565 1015 619 specimen
1062 567 1163 606 oleo
1209 566 1282 606 lini
1330 566 1452 606 coc‘to
1489 566 1652 606 inunxi.
1723 568 1876 610 Inunc-

269 651 333 681 tae
371 634 599 691 particulae
637 633 832 672 colorem
869 630 1161 671 obscuriorem
1200 631 1445 679 induerunt,
1476 629 1741 683 superficiem
1780 633 1876 675 soli-

269 706 437 747 dior-em
474 697 811 752 acquisiuerunt‚
848 708 988 748 neque
1027 704 1167 736 tamen
1206 696 1291 748 igni
1328 696 1448 750 peius
1485 695 1739 737 resistebant.

419 853 422 856 <
459 827 598 870 Volui
634 825 839 880 producta
874 836 1072 865 meorum
1102 824 1528 878 experimentorum,
1564 837 1662 865 cnm
1699 825 1874 868 suecicis

266 894 567 953 speciminibus
605 903 876 945 comparare:
915 890 1102 943 ideoque
1125 889 1355 931 cuiuslibet
1389 891 1593 944 pollicem
1622 892 1874 944 quadratum

266 964 309 1004 in
356 974 463 1016 aqua
509 958 660 1012 frigida
706 955 932 997 maceraui.
1012 954 1108 994 Post
1154 964 1336 1008 quatuor
1380 955 1583 996 mensium
1623 958 1876 997 maceratio-

266 1040 365 1070 nem
402 1024 630 1080 specimina
660 1034 756 1061 cum
783 1020 959 1060 vitriolo
997 1029 1138 1077 parata
1176 1019 1268 1060 satis
1306 1020 1519 1074 insigniter
1555 1020 1873 1071 intumuerunt3

265 1107 314 1135 ea
349 1102 481 1139 vem,
519 1100 623 1141 quae
659 1084 821 1138 absque
860 1084 961 1124 oleo
1007 1084 1080 1122 lini
1127 1084 1320 1123 confecta
1356 1094 1506 1132 erant,
1543 1084 1616 1122 vix
1652 1086 1874 1127 euidenter

269 1153 589 1209 turgescebant;
635 1162 682 1190 ea
719 1148 888 1189 tandem
928 1159 1034 1199 quae
1071 1145 1173 1186 oleo
1211 1146 1334 1185 coeio
1373 1145 1438 1186 seu
1477 1146 1647 1186 vei-nice
1685 1148 1759 1187 lini
1796 1148 1874 1188 ob-

267 1224 500 1270 duxeram,
535 1226 726 1256 naturam
762 1211 876 1251 suam
913 1211 1036 1264 plane
1075 1222 1161 1248 non
1200 1219 1493 1261 mutauerant,
1529 1223 1662 1264 aeque
1699 1224 1746 1250 ac
1782 1211 1873 1251 sue-

263 1287 418 1328 cicum.

458 1405 649 1463 Imposui
696 1403 865 1459 spathae
912 1400 1072 1442 ferreae
1116 1400 1323 1455 pollicem
1364 1401 1613 1455 quadratum
1651 1405 1872 1451 aequantia

264 1476 493 1533 specimina
538 1470 734 1514 omnium
778 1468 1113 1521 exemplorum„
1169 1466 1376 1519 fimulque
1429 1466 1561 1506 smnile
1608 1453 1870 1519 segmentum

267 1543 371 1597 ligni
410 1538 615 1588 bertuini,
651 1535 883 1587 omniaque
920 1531 1060 1572 ardori
1098 1531 1291 1571 flammae
1331 1531 1370 1570 in
1409 1530 1516 1571 ostio
1553 1530 1736 1572 fornacis
1775 1546 1874 1585 pro-

267 1609 318 1649 be
356 1604 540 1648 ardentis
578 1599 774 1655 opposui.
842 1597 940 1637 Post
987 1596 1232 1649 quindecim
1279 1595 1440 1635 minuta
1483 1596 1649 1649 lignum
1695 1599 1874 1638 exarde-

267 1673 379 1714 scere
418 1669 556 1722 cepit„
594 1676 635 1706 et
671 1665 760 1706 aliis
801 1661 1047 1716 quindecim
1085 1660 1259 1699 minutis
1297 1659 1442 1712 elapsis
1479 1661 1518 1699 in
1556 1662 1716 1700 cineres
1754 1662 1870 1702 abiit.

264 1738 518 1790 Fragmenta
547 1732 716 1772 chartae
753 1727 941 1782 lapideae
985 1726 1100 1766 varie
1129 1723 1407 1777 compositae,
1444 1726 1691 1764 tantundem
1730 1727 1871 1768 ardori

267 1801 483 1855 expositae
520 1797 627 1838 adeo
665 1793 903 1835 candefacta
939 1799 1090 1840 erant,
1144 1798 1191 1829 vt
1226 1801 1356 1841 aquae
1395 1789 1573 1830 immissa
1608 1803 1705 1830 cum
1750 1790 1872 1833 fibilo

265 1867 632 1920 extinguerentur.
703 1857 877 1912 Singula
914 1867 1014 1897 tunc
1051 1853 1212 1896 curiose
1250 1853 1505 1894 examin-aui.

461 1992 673 2033 Suecanae
707 1987 887 2028 fabricae
926 1983 1208 2037 fragmentum
1248 1982 1286 2021 in
1327 1981 1546 2035 superficie
1584 1983 1870 2035 nigrescebat,

265 2060 493 2116 paruis-quc
539 2054 713 2095 bullulis
758 2051 1053 2100 intumuerat,
1104 2060 1254 2090 verum
1290 2048 1413 2101 plane
1451 2061 1537 2087 non
1575 2048 1760 2088 exarfiue
1798 2061 1872 2089 ne-

269 2138 352 2180 que
390 2123 571 2163 sormam
610 2117 781 2159 mutasse
818 2114 1054 2156 videbatur.

461 2248 703 2304 Specimina
741 2258 839 2287 cum
870 2243 1048 2284 vitriolo
1085 2251 1222 2298 parata
1266 2240 1553 2295 spont’iofiora
1591 2240 1630 2279 in
1670 2239 1872 2293 margini·

267 2317 344 2360 bus
383 2315 595 2368 arserunt,
638 2314 746 2354 adeo
784 2312 900 2353 lente
935 2321 1103 2363 tamen,
1156 2317 1201 2349 vt
1237 2308 1454 2363 praedicto
1492 2305 1700 2362 temporis
1737 2306 1869 2360 spatio

1794 2381 1870 2410 vix
