<?xml version="1.0" encoding="UTF-8"?>
<!DOCTYPE html PUBLIC "-//W3C//DTD XHTML 1.0 Transitional//EN"
    "http://www.w3.org/TR/xhtml1/DTD/xhtml1-transitional.dtd">
<html xmlns="http://www.w3.org/1999/xhtml" xml:lang="en" lang="en">
 <head>
  <title>
</title>
<meta http-equiv="Content-Type" content="text/html;charset=utf-8" />
  <meta name='ocr-system' content='tesseract 3.04.00' />
  <meta name='ocr-capabilities' content='ocr_page ocr_carea ocr_par ocr_line ocrx_word'/>
</head>
<body>
  <div class='ocr_page' id='page_1' title='image "./novaactaacademia04impe_0424.png"; bbox 0 0 2034 2803; ppageno 0'>
   <div class='ocr_carea' id='block_1_1' title="bbox 800 172 951 184">
    <p class='ocr_par' dir='ltr' id='par_1_1' title="bbox 800 172 951 184">
     <span class='ocr_line' id='line_1_1' title="bbox 800 172 951 184; baseline 0 0"><span class='ocrx_word' id='word_1_1' title='bbox 800 172 951 184; x_wconf 95' lang='lat' dir='ltr'> </span> 
     </span>
    </p>
   </div>
   <div class='ocr_carea' id='block_1_2' title="bbox 996 158 1329 213">
    <p class='ocr_par' dir='ltr' id='par_1_2' title="bbox 996 158 1329 213">
     <span class='ocr_line' id='line_1_2' title="bbox 996 158 1329 213; baseline 0.003 -17"><span class='ocrx_word' id='word_1_2' title='bbox 996 158 1144 213; x_wconf 68' lang='lat'>&#39;2-0)</span> <span class='ocrx_word' id='word_1_3' title='bbox 1177 175 1329 188; x_wconf 88' lang='lat'>-—</span> 
     </span>
    </p>
   </div>
   <div class='ocr_carea' id='block_1_3' title="bbox 800 188 952 196">
    <p class='ocr_par' dir='ltr' id='par_1_3' title="bbox 800 188 952 196">
     <span class='ocr_line' id='line_1_3' title="bbox 800 188 952 196; baseline 0 2607"><span class='ocrx_word' id='word_1_4' title='bbox 800 188 952 196; x_wconf 95' lang='lat' dir='ltr'> </span> 
     </span>
    </p>
   </div>
   <div class='ocr_carea' id='block_1_4' title="bbox 1178 191 1329 198">
    <p class='ocr_par' dir='ltr' id='par_1_4' title="bbox 1178 191 1329 198">
     <span class='ocr_line' id='line_1_4' title="bbox 1178 191 1329 198; baseline 0 2605"><span class='ocrx_word' id='word_1_5' title='bbox 1178 191 1329 198; x_wconf 95' lang='lat' dir='ltr'> </span> 
     </span>
    </p>
   </div>
   <div class='ocr_carea' id='block_1_5' title="bbox 453 265 1866 410">
    <p class='ocr_par' dir='ltr' id='par_1_5' title="bbox 453 265 1866 410">
     <span class='ocr_line' id='line_1_5' title="bbox 783 265 1356 347; baseline 0.003 -25"><span class='ocrx_word' id='word_1_6' title='bbox 783 265 1268 347; x_wconf 79' lang='lat' dir='ltr'>Experimentum</span> <span class='ocrx_word' id='word_1_7' title='bbox 1315 270 1356 328; x_wconf 96' lang='grc' dir='ltr'>Ι.</span> 
     </span>
     <span class='ocr_line' id='line_1_6' title="bbox 453 353 1866 410; baseline 0.003 -15"><span class='ocrx_word' id='word_1_8' title='bbox 453 353 608 395; x_wconf 80' lang='lat' dir='ltr'>Maffae</span> <span class='ocrx_word' id='word_1_9' title='bbox 655 353 899 397; x_wconf 67' lang='lat' dir='ltr'>chartaccae</span> <span class='ocrx_word' id='word_1_10' title='bbox 947 357 1075 397; x_wconf 80' lang='lat' dir='ltr'>slccae</span> <span class='ocrx_word' id='word_1_11' title='bbox 1121 357 1431 410; x_wconf 73' lang='lat' dir='ltr'>sesquiuuciam</span> <span class='ocrx_word' id='word_1_12' title='bbox 1469 356 1613 410; x_wconf 77' lang='lat' dir='ltr'>subegi</span> <span class='ocrx_word' id='word_1_13' title='bbox 1657 371 1754 398; x_wconf 91' lang='lat' dir='ltr'>cum</span> <span class='ocrx_word' id='word_1_14' title='bbox 1789 372 1866 399; x_wconf 86' lang='lat' dir='ltr'>vn-</span> 
     </span>
    </p>
   </div>
   <div class='ocr_carea' id='block_1_6' title="bbox 256 418 1867 541">
    <p class='ocr_par' dir='ltr' id='par_1_6' title="bbox 256 418 1867 541">
     <span class='ocr_line' id='line_1_7' title="bbox 257 418 1867 476; baseline 0.003 -17"><span class='ocrx_word' id='word_1_15' title='bbox 257 418 333 460; x_wconf 88' lang='lat' dir='ltr'>ciis</span> <span class='ocrx_word' id='word_1_16' title='bbox 373 419 535 460; x_wconf 80' lang='lat' dir='ltr'>duabus</span> <span class='ocrx_word' id='word_1_17' title='bbox 581 419 755 473; x_wconf 79' lang='lat' dir='ltr'>glutinis</span> <span class='ocrx_word' id='word_1_18' title='bbox 792 422 1011 476; x_wconf 42' lang='lat' dir='ltr'>vulgari&amp;</span> <span class='ocrx_word' id='word_1_19' title='bbox 1066 422 1266 463; x_wconf 82' lang='lat' dir='ltr'>admiscui</span> <span class='ocrx_word' id='word_1_20' title='bbox 1314 422 1401 462; x_wconf 91' lang='lat' dir='ltr'>boli</span> <span class='ocrx_word' id='word_1_21' title='bbox 1451 421 1599 462; x_wconf 79' lang='lat' dir='ltr'>rubrae</span> <span class='ocrx_word' id='word_1_22' title='bbox 1647 434 1689 462; x_wconf 88' lang='lat' dir='ltr'>et</span> <span class='ocrx_word' id='word_1_23' title='bbox 1732 424 1867 464; x_wconf 89' lang='lat' dir='ltr'>rubri-</span> 
     </span>
     <span class='ocr_line' id='line_1_8' title="bbox 256 484 1864 541; baseline 0.001 -15"><span class='ocrx_word' id='word_1_24' title='bbox 256 497 330 526; x_wconf 84' lang='lat' dir='ltr'>cae</span> <span class='ocrx_word' id='word_1_25' title='bbox 366 484 528 526; x_wconf 81' lang='lat' dir='ltr'>fabrilis</span> <span class='ocrx_word' id='word_1_26' title='bbox 566 497 641 525; x_wconf 80' lang='lat' dir='ltr'>ana</span> <span class='ocrx_word' id='word_1_27' title='bbox 676 486 820 526; x_wconf 84' lang='lat' dir='ltr'>vncias</span> <span class='ocrx_word' id='word_1_28' title='bbox 857 488 958 528; x_wconf 89' lang='lat' dir='ltr'>duo.</span> <span class='ocrx_word' id='word_1_29' title='bbox 1030 486 1261 528; x_wconf 81' lang='lat' dir='ltr'>&#39;I&#39;abellam</span> <span class='ocrx_word' id='word_1_30' title='bbox 1296 487 1348 527; x_wconf 86' lang='lat' dir='ltr'>fic</span> <span class='ocrx_word' id='word_1_31' title='bbox 1377 485 1546 527; x_wconf 90' lang='lat' dir='ltr'>obtinui</span> <span class='ocrx_word' id='word_1_32' title='bbox 1580 488 1864 541; x_wconf 78' lang='lat' dir='ltr'>aequabilem.</span> 
     </span>
    </p>
   </div>
   <div class='ocr_carea' id='block_1_7' title="bbox 252 609 1914 821">
    <p class='ocr_par' dir='ltr' id='par_1_7' title="bbox 252 609 1914 821">
     <span class='ocr_line' id='line_1_9' title="bbox 766 609 1365 691; baseline 0.007 -24"><span class='ocrx_word' id='word_1_33' title='bbox 766 609 1249 691; x_wconf 80' lang='lat' dir='ltr'>Experimentum</span> <span class='ocrx_word' id='word_1_34' title='bbox 1297 611 1365 672; x_wconf 89' lang='lat' dir='ltr'>II.</span> 
     </span>
     <span class='ocr_line' id='line_1_10' title="bbox 448 697 1914 754; baseline 0.002 -15"><span class='ocrx_word' id='word_1_35' title='bbox 448 697 605 739; x_wconf 79' lang='lat' dir='ltr'>Maffae</span> <span class='ocrx_word' id='word_1_36' title='bbox 643 698 888 741; x_wconf 68' lang='lat' dir='ltr'>chartaceae</span> <span class='ocrx_word' id='word_1_37' title='bbox 926 701 977 740; x_wconf 81' lang='lat' dir='ltr'>ad</span> <span class='ocrx_word' id='word_1_38' title='bbox 1014 701 1157 742; x_wconf 75' lang='lat' dir='ltr'>vncias</span> <span class='ocrx_word' id='word_1_39' title='bbox 1204 703 1340 754; x_wconf 71' lang='lat' dir='ltr'>duas,</span> <span class='ocrx_word' id='word_1_40' title='bbox 1393 701 1536 743; x_wconf 82' lang='lat' dir='ltr'>addidi</span> <span class='ocrx_word' id='word_1_41' title='bbox 1582 701 1671 742; x_wconf 90' lang='lat' dir='ltr'>boli</span> <span class='ocrx_word' id='word_1_42' title='bbox 1715 700 1864 742; x_wconf 81' lang='lat' dir='ltr'>rubrae</span> <span class='ocrx_word' id='word_1_43' title='bbox 1909 723 1914 728; x_wconf 91' lang='lat'>-</span> 
     </span>
     <span class='ocr_line' id='line_1_11' title="bbox 252 763 1867 821; baseline 0.001 -17"><span class='ocrx_word' id='word_1_44' title='bbox 252 763 498 818; x_wconf 77' lang='lat' dir='ltr'>pulueratae</span> <span class='ocrx_word' id='word_1_45' title='bbox 537 774 720 816; x_wconf 79' lang='lat' dir='ltr'>quatuor</span> <span class='ocrx_word' id='word_1_46' title='bbox 756 766 933 814; x_wconf 73' lang='lat' dir='ltr'>vncias,</span> <span class='ocrx_word' id='word_1_47' title='bbox 986 775 1028 805; x_wconf 91' lang='lat' dir='ltr'>et</span> <span class='ocrx_word' id='word_1_48' title='bbox 1074 766 1299 807; x_wconf 82' lang='lat' dir='ltr'>dimidium</span> <span class='ocrx_word' id='word_1_49' title='bbox 1346 777 1510 821; x_wconf 59' lang='lat' dir='ltr'>cretae,</span> <span class='ocrx_word' id='word_1_50' title='bbox 1565 779 1662 806; x_wconf 89' lang='lat' dir='ltr'>cum</span> <span class='ocrx_word' id='word_1_51' title='bbox 1706 765 1867 820; x_wconf 47' lang='lat' dir='ltr'>sesqui·</span> 
     </span>
    </p>
   </div>
   <div class='ocr_carea' id='block_1_8' title="bbox 253 818 1867 947">
    <p class='ocr_par' dir='ltr' id='par_1_8' title="bbox 253 818 1867 947">
     <span class='ocr_line' id='line_1_12' title="bbox 253 818 1867 885; baseline 0.003 -18"><span class='ocrx_word' id='word_1_52' title='bbox 253 828 376 868; x_wconf 78' lang='lat' dir='ltr'>vncia</span> <span class='ocrx_word' id='word_1_53' title='bbox 413 829 586 881; x_wconf 81' lang='lat' dir='ltr'>glutinis</span> <span class='ocrx_word' id='word_1_54' title='bbox 625 829 833 869; x_wconf 79' lang='lat' dir='ltr'>animalis.</span> <span class='ocrx_word' id='word_1_55' title='bbox 904 829 1015 870; x_wconf 81' lang='lat' dir='ltr'>Nata</span> <span class='ocrx_word' id='word_1_56' title='bbox 1059 831 1159 871; x_wconf 88' lang='lat' dir='ltr'>inde</span> <span class='ocrx_word' id='word_1_57' title='bbox 1194 831 1251 872; x_wconf 91' lang='lat' dir='ltr'>est</span> <span class='ocrx_word' id='word_1_58' title='bbox 1296 831 1435 873; x_wconf 81' lang='lat' dir='ltr'>tabula</span> <span class='ocrx_word' id='word_1_59' title='bbox 1466 818 1623 872; x_wconf 70' lang='lat' dir='ltr'>‘hiulca</span> <span class='ocrx_word' id='word_1_60' title='bbox 1659 840 1700 871; x_wconf 89' lang='lat' dir='ltr'>et</span> <span class='ocrx_word' id='word_1_61' title='bbox 1734 843 1867 885; x_wconf 64' lang='lat' dir='ltr'>rugo-</span> 
     </span>
     <span class='ocr_line' id='line_1_13' title="bbox 254 892 855 947; baseline 0 -14"><span class='ocrx_word' id='word_1_62' title='bbox 254 892 319 947; x_wconf 81' lang='lat' dir='ltr'>sa,</span> <span class='ocrx_word' id='word_1_63' title='bbox 354 892 427 933; x_wconf 90' lang='lat' dir='ltr'>sed</span> <span class='ocrx_word' id='word_1_64' title='bbox 463 894 698 934; x_wconf 87' lang='lat' dir='ltr'>admodum</span> <span class='ocrx_word' id='word_1_65' title='bbox 737 895 855 935; x_wconf 86' lang='lat' dir='ltr'>dura.</span> 
     </span>
    </p>
   </div>
   <div class='ocr_carea' id='block_1_9' title="bbox 751 1002 1378 1082">
    <p class='ocr_par' dir='ltr' id='par_1_9' title="bbox 751 1002 1378 1082">
     <span class='ocr_line' id='line_1_14' title="bbox 751 1002 1378 1082; baseline 0.008 -22"><span class='ocrx_word' id='word_1_66' title='bbox 751 1002 1230 1082; x_wconf 72' lang='lat' dir='ltr'>Experimentum</span> <span class='ocrx_word' id='word_1_67' title='bbox 1281 1006 1378 1066; x_wconf 90' lang='grc' dir='ltr'><strong>ΙΙΙ.</strong></span> 
     </span>
    </p>
   </div>
   <div class='ocr_carea' id='block_1_10' title="bbox 253 1089 1867 1274">
    <p class='ocr_par' dir='ltr' id='par_1_10' title="bbox 253 1089 1867 1274">
     <span class='ocr_line' id='line_1_15' title="bbox 449 1089 1866 1144; baseline -0.001 -12"><span class='ocrx_word' id='word_1_68' title='bbox 449 1089 730 1144; x_wconf 69' lang='lat' dir='ltr'>Sesquiu&#39;ncia</span> <span class='ocrx_word' id='word_1_69' title='bbox 768 1093 914 1132; x_wconf 61' lang='lat' dir='ltr'>massae</span> <span class='ocrx_word' id='word_1_70' title='bbox 952 1094 1196 1134; x_wconf 74' lang='lat' dir='ltr'>chartaceae</span> <span class='ocrx_word' id='word_1_71' title='bbox 1235 1108 1331 1133; x_wconf 91' lang='lat' dir='ltr'>cum</span> <span class='ocrx_word' id='word_1_72' title='bbox 1373 1103 1557 1144; x_wconf 83' lang='lat' dir='ltr'>quatuor</span> <span class='ocrx_word' id='word_1_73' title='bbox 1597 1092 1687 1132; x_wconf 78' lang='lat' dir='ltr'>bo¹i</span> <span class='ocrx_word' id='word_1_74' title='bbox 1725 1100 1767 1131; x_wconf 85' lang='lat' dir='ltr'>et</span> <span class='ocrx_word' id='word_1_75' title='bbox 1800 1092 1866 1131; x_wconf 87' lang='lat' dir='ltr'>vi-</span> 
     </span>
     <span class='ocr_line' id='line_1_16' title="bbox 253 1154 1867 1213; baseline -0.001 -17"><span class='ocrx_word' id='word_1_76' title='bbox 253 1155 368 1197; x_wconf 85' lang='lat' dir='ltr'>trioli</span> <span class='ocrx_word' id='word_1_77' title='bbox 419 1155 564 1195; x_wconf 86' lang='lat' dir='ltr'>martis</span> <span class='ocrx_word' id='word_1_78' title='bbox 613 1154 774 1196; x_wconf 82' lang='lat' dir='ltr'>duabus</span> <span class='ocrx_word' id='word_1_79' title='bbox 813 1155 973 1208; x_wconf 80' lang='lat' dir='ltr'>vnciis,</span> <span class='ocrx_word' id='word_1_80' title='bbox 1010 1156 1197 1198; x_wconf 80' lang='lat' dir='ltr'>tabulam</span> <span class='ocrx_word' id='word_1_81' title='bbox 1233 1157 1364 1198; x_wconf 83' lang='lat' dir='ltr'>efficit</span> <span class='ocrx_word' id='word_1_82' title='bbox 1399 1157 1549 1197; x_wconf 82' lang='lat' dir='ltr'>itidem</span> <span class='ocrx_word' id='word_1_83' title='bbox 1587 1156 1867 1213; x_wconf 74' lang='lat' dir='ltr'>duriffimam,</span> 
     </span>
     <span class='ocr_line' id='line_1_17' title="bbox 254 1219 644 1274; baseline -0.008 -13"><span class='ocrx_word' id='word_1_84' title='bbox 254 1220 324 1261; x_wconf 88' lang='lat' dir='ltr'>sed</span> <span class='ocrx_word' id='word_1_85' title='bbox 359 1219 644 1274; x_wconf 75' lang='lat' dir='ltr'>inaequalem.</span> 
     </span>
    </p>
   </div>
   <div class='ocr_carea' id='block_1_11' title="bbox 753 1304 1390 1385">
    <p class='ocr_par' dir='ltr' id='par_1_11' title="bbox 753 1304 1390 1385">
     <span class='ocr_line' id='line_1_18' title="bbox 753 1304 1390 1385; baseline 0.006 -23"><span class='ocrx_word' id='word_1_86' title='bbox 753 1304 1237 1385; x_wconf 81' lang='lat' dir='ltr'>Experimentum</span> <span class='ocrx_word' id='word_1_87' title='bbox 1284 1307 1390 1366; x_wconf 93' lang='lat' dir='ltr'>IV.</span> 
     </span>
    </p>
   </div>
   <div class='ocr_carea' id='block_1_12' title="bbox 253 1394 1866 1581">
    <p class='ocr_par' dir='ltr' id='par_1_12' title="bbox 253 1394 1866 1581">
     <span class='ocr_line' id='line_1_19' title="bbox 447 1394 1866 1449; baseline 0 -14"><span class='ocrx_word' id='word_1_88' title='bbox 447 1394 603 1436; x_wconf 79' lang='lat' dir='ltr'>Massae</span> <span class='ocrx_word' id='word_1_89' title='bbox 642 1407 904 1449; x_wconf 76' lang='lat' dir='ltr'>papyraceae</span> <span class='ocrx_word' id='word_1_90' title='bbox 948 1397 1095 1448; x_wconf 76' lang='lat' dir='ltr'>vnci;1‚</span> <span class='ocrx_word' id='word_1_91' title='bbox 1150 1409 1247 1437; x_wconf 89' lang='lat' dir='ltr'>cum</span> <span class='ocrx_word' id='word_1_92' title='bbox 1295 1397 1508 1437; x_wconf 80' lang='lat' dir='ltr'>semuncia</span> <span class='ocrx_word' id='word_1_93' title='bbox 1554 1394 1727 1449; x_wconf 82' lang='lat' dir='ltr'>glutinis</span> <span class='ocrx_word' id='word_1_94' title='bbox 1772 1394 1866 1435; x_wconf 85' lang='lat' dir='ltr'>sub-</span> 
     </span>
     <span class='ocr_line' id='line_1_20' title="bbox 253 1459 1863 1511; baseline -0.001 -10"><span class='ocrx_word' id='word_1_95' title='bbox 253 1461 363 1511; x_wconf 60' lang='lat' dir='ltr'>acta,</span> <span class='ocrx_word' id='word_1_96' title='bbox 420 1459 562 1501; x_wconf 75' lang='lat' dir='ltr'>intrita</span> <span class='ocrx_word' id='word_1_97' title='bbox 599 1460 719 1500; x_wconf 78' lang='lat' dir='ltr'>vncia</span> <span class='ocrx_word' id='word_1_98' title='bbox 757 1470 894 1500; x_wconf 83' lang='lat' dir='ltr'>cretae</span> <span class='ocrx_word' id='word_1_99' title='bbox 930 1474 1011 1501; x_wconf 84' lang='lat' dir='ltr'>vna</span> <span class='ocrx_word' id='word_1_100' title='bbox 1047 1471 1089 1501; x_wconf 89' lang='lat' dir='ltr'>et</span> <span class='ocrx_word' id='word_1_101' title='bbox 1125 1462 1286 1503; x_wconf 76' lang='lat' dir='ltr'>duabus</span> <span class='ocrx_word' id='word_1_102' title='bbox 1326 1461 1441 1511; x_wconf 79' lang='lat' dir='ltr'>b011·‚</span> <span class='ocrx_word' id='word_1_103' title='bbox 1487 1473 1583 1500; x_wconf 93' lang='lat' dir='ltr'>cum</span> <span class='ocrx_word' id='word_1_104' title='bbox 1621 1461 1742 1500; x_wconf 78' lang='lat' dir='ltr'>vncia</span> <span class='ocrx_word' id='word_1_105' title='bbox 1779 1459 1863 1500; x_wconf 89' lang='lat' dir='ltr'>olei</span> 
     </span>
     <span class='ocr_line' id='line_1_21' title="bbox 253 1525 1707 1581; baseline 0 -16"><span class='ocrx_word' id='word_1_106' title='bbox 253 1526 354 1574; x_wconf 79' lang='lat' dir='ltr'>lini3</span> <span class='ocrx_word' id='word_1_107' title='bbox 393 1525 601 1579; x_wconf 79' lang='lat' dir='ltr'>produxit</span> <span class='ocrx_word' id='word_1_108' title='bbox 639 1525 802 1565; x_wconf 85' lang='lat' dir='ltr'>teffulas</span> <span class='ocrx_word' id='word_1_109' title='bbox 840 1525 941 1566; x_wconf 85' lang='lat' dir='ltr'>duas</span> <span class='ocrx_word' id='word_1_110' title='bbox 979 1527 1225 1579; x_wconf 83' lang='lat' dir='ltr'>tenuiores,</span> <span class='ocrx_word' id='word_1_111' title='bbox 1261 1526 1531 1581; x_wconf 80' lang='lat' dir='ltr'>aequabiles,</span> <span class='ocrx_word' id='word_1_112' title='bbox 1568 1525 1707 1566; x_wconf 87' lang='lat' dir='ltr'>duras.</span> 
     </span>
    </p>
   </div>
   <div class='ocr_carea' id='block_1_13' title="bbox 770 1649 1383 1730">
    <p class='ocr_par' dir='ltr' id='par_1_13' title="bbox 770 1649 1383 1730">
     <span class='ocr_line' id='line_1_22' title="bbox 770 1649 1383 1730; baseline 0.002 -25"><span class='ocrx_word' id='word_1_113' title='bbox 770 1649 1255 1730; x_wconf 72' lang='lat' dir='ltr'>Experimentum</span> <span class='ocrx_word' id='word_1_114' title='bbox 1305 1652 1383 1709; x_wconf 91' lang='lat' dir='ltr'>V.</span> 
     </span>
    </p>
   </div>
   <div class='ocr_carea' id='block_1_14' title="bbox 250 1736 1866 1986">
    <p class='ocr_par' dir='ltr' id='par_1_14' title="bbox 250 1736 1866 1986">
     <span class='ocr_line' id='line_1_23' title="bbox 449 1736 1864 1792; baseline 0 -15"><span class='ocrx_word' id='word_1_115' title='bbox 449 1736 604 1778; x_wconf 72' lang='lat' dir='ltr'>Massae</span> <span class='ocrx_word' id='word_1_116' title='bbox 651 1737 896 1779; x_wconf 76' lang='lat' dir='ltr'>chartaceae</span> <span class='ocrx_word' id='word_1_117' title='bbox 943 1740 1048 1781; x_wconf 76' lang='lat' dir='ltr'>duae</span> <span class='ocrx_word' id='word_1_118' title='bbox 1086 1743 1234 1780; x_wconf 82' lang='lat' dir='ltr'>vnciae</span> <span class='ocrx_word' id='word_1_119' title='bbox 1272 1753 1369 1779; x_wconf 90' lang='lat' dir='ltr'>cum</span> <span class='ocrx_word' id='word_1_120' title='bbox 1416 1739 1627 1779; x_wconf 75' lang='lat' dir='ltr'>semuncia</span> <span class='ocrx_word' id='word_1_121' title='bbox 1663 1738 1864 1792; x_wconf 74' lang='lat' dir='ltr'>glutinis,</span> 
     </span>
     <span class='ocr_line' id='line_1_24' title="bbox 250 1801 1864 1851; baseline -0.002 -8"><span class='ocrx_word' id='word_1_122' title='bbox 250 1801 323 1843; x_wconf 84' lang='lat' dir='ltr'>sex</span> <span class='ocrx_word' id='word_1_123' title='bbox 376 1801 466 1842; x_wconf 92' lang='lat' dir='ltr'>boli</span> <span class='ocrx_word' id='word_1_124' title='bbox 504 1801 618 1842; x_wconf 85' lang='lat' dir='ltr'>rubri</span> <span class='ocrx_word' id='word_1_125' title='bbox 656 1812 697 1841; x_wconf 89' lang='lat' dir='ltr'>et</span> <span class='ocrx_word' id='word_1_126' title='bbox 736 1803 895 1842; x_wconf 67' lang='lat' dir='ltr'>duabus</span> <span class='ocrx_word' id='word_1_127' title='bbox 937 1815 1074 1845; x_wconf 80' lang='lat' dir='ltr'>cretae</span> <span class='ocrx_word' id='word_1_128' title='bbox 1111 1806 1245 1845; x_wconf 80' lang='lat' dir='ltr'>vnciis</span> <span class='ocrx_word' id='word_1_129' title='bbox 1283 1804 1493 1851; x_wconf 51' lang='lat' dir='ltr'>subael-affl</span> <span class='ocrx_word' id='word_1_130' title='bbox 1547 1803 1698 1844; x_wconf 78' lang='lat' dir='ltr'>additis</span> <span class='ocrx_word' id='word_1_131' title='bbox 1736 1803 1864 1842; x_wconf 82' lang='lat' dir='ltr'>etiam</span> 
     </span>
     <span class='ocr_line' id='line_1_25' title="bbox 253 1865 1866 1924; baseline -0.002 -17"><span class='ocrx_word' id='word_1_132' title='bbox 253 1866 419 1907; x_wconf 83' lang='lat' dir='ltr'>duabus</span> <span class='ocrx_word' id='word_1_133' title='bbox 457 1867 590 1907; x_wconf 82' lang='lat' dir='ltr'>vnciis</span> <span class='ocrx_word' id='word_1_134' title='bbox 630 1867 788 1907; x_wconf 86' lang='lat' dir='ltr'>vitrioli</span> <span class='ocrx_word' id='word_1_135' title='bbox 829 1869 1006 1920; x_wconf 72' lang='lat' dir='ltr'>martis,</span> <span class='ocrx_word' id='word_1_136' title='bbox 1062 1869 1332 1924; x_wconf 86' lang='lat' dir='ltr'>totidemque</span> <span class='ocrx_word' id='word_1_137' title='bbox 1377 1869 1464 1910; x_wconf 87' lang='lat' dir='ltr'>olei</span> <span class='ocrx_word' id='word_1_138' title='bbox 1507 1868 1617 1920; x_wconf 83' lang='lat' dir='ltr'>lini,</span> <span class='ocrx_word' id='word_1_139' title='bbox 1672 1865 1866 1922; x_wconf 88' lang='lat' dir='ltr'>praebuit</span> 
     </span>
     <span class='ocr_line' id='line_1_26' title="bbox 251 1930 1217 1986; baseline 0.001 -15"><span class='ocrx_word' id='word_1_140' title='bbox 251 1930 417 1972; x_wconf 82' lang='lat' dir='ltr'>tabulas</span> <span class='ocrx_word' id='word_1_141' title='bbox 454 1931 724 1985; x_wconf 79' lang='lat' dir='ltr'>aequabiles,</span> <span class='ocrx_word' id='word_1_142' title='bbox 767 1931 834 1972; x_wconf 88' lang='lat' dir='ltr'>scd</span> <span class='ocrx_word' id='word_1_143' title='bbox 872 1947 1021 1986; x_wconf 78' lang='lat' dir='ltr'>parum</span> <span class='ocrx_word' id='word_1_144' title='bbox 1059 1933 1217 1975; x_wconf 83' lang='lat' dir='ltr'>firmas.</span> 
     </span>
    </p>
   </div>
   <div class='ocr_carea' id='block_1_15' title="bbox 735 2055 1376 2135">
    <p class='ocr_par' dir='ltr' id='par_1_15' title="bbox 735 2055 1376 2135">
     <span class='ocr_line' id='line_1_27' title="bbox 735 2055 1376 2135; baseline 0.009 -23"><span class='ocrx_word' id='word_1_145' title='bbox 735 2055 1222 2135; x_wconf 76' lang='lat' dir='ltr'>Experimcntum</span> <span class='ocrx_word' id='word_1_146' title='bbox 1268 2059 1376 2118; x_wconf 83' lang='lat' dir='ltr'>VI.</span> 
     </span>
    </p>
   </div>
   <div class='ocr_carea' id='block_1_16' title="bbox 251 2143 1869 2390">
    <p class='ocr_par' dir='ltr' id='par_1_16' title="bbox 251 2143 1868 2314">
     <span class='ocr_line' id='line_1_28' title="bbox 450 2143 1866 2198; baseline 0 -14"><span class='ocrx_word' id='word_1_147' title='bbox 450 2143 605 2184; x_wconf 70' lang='lat' dir='ltr'>Marsae</span> <span class='ocrx_word' id='word_1_148' title='bbox 644 2144 889 2186; x_wconf 69' lang='lat' dir='ltr'>chan-taceae</span> <span class='ocrx_word' id='word_1_149' title='bbox 928 2147 1226 2198; x_wconf 66' lang='lat' dir='ltr'>se=quiunci21,</span> <span class='ocrx_word' id='word_1_150' title='bbox 1281 2157 1323 2186; x_wconf 88' lang='lat' dir='ltr'>ct</span> <span class='ocrx_word' id='word_1_151' title='bbox 1359 2146 1533 2198; x_wconf 69' lang='lat' dir='ltr'>glutinis</span> <span class='ocrx_word' id='word_1_152' title='bbox 1569 2145 1717 2195; x_wconf 74' lang='lat' dir='ltr'>vncia,</span> <span class='ocrx_word' id='word_1_153' title='bbox 1769 2156 1866 2184; x_wconf 89' lang='lat' dir='ltr'>cum</span> 
     </span>
     <span class='ocr_line' id='line_1_29' title="bbox 252 2208 1868 2265; baseline 0 -17"><span class='ocrx_word' id='word_1_154' title='bbox 252 2217 441 2262; x_wconf 78' lang='lat' dir='ltr'>quatuor</span> <span class='ocrx_word' id='word_1_155' title='bbox 475 2208 613 2248; x_wconf 79' lang='lat' dir='ltr'>vnciis</span> <span class='ocrx_word' id='word_1_156' title='bbox 653 2208 740 2250; x_wconf 91' lang='lat' dir='ltr'>boli</span> <span class='ocrx_word' id='word_1_157' title='bbox 778 2210 923 2264; x_wconf 73' lang='lat' dir='ltr'>albae,</span> <span class='ocrx_word' id='word_1_158' title='bbox 961 2212 1078 2252; x_wconf 85' lang='lat' dir='ltr'>dedit</span> <span class='ocrx_word' id='word_1_159' title='bbox 1115 2211 1300 2253; x_wconf 80' lang='lat' dir='ltr'>tabulam</span> <span class='ocrx_word' id='word_1_160' title='bbox 1337 2211 1584 2265; x_wconf 82' lang='lat' dir='ltr'>aequalem,</span> <span class='ocrx_word' id='word_1_161' title='bbox 1619 2210 1868 2264; x_wconf 72' lang='lat' dir='ltr'>pulchrum,</span> 
     </span>
     <span class='ocr_line' id='line_1_30' title="bbox 251 2274 415 2314; baseline 0.006 -1"><span class='ocrx_word' id='word_1_162' title='bbox 251 2274 415 2314; x_wconf 75' lang='lat' dir='ltr'>duram.</span> 
     </span>
    </p>

    <p class='ocr_par' dir='ltr' id='par_1_17' title="bbox 1722 2337 1869 2390">
     <span class='ocr_line' id='line_1_31' title="bbox 1722 2337 1869 2390; baseline -0.014 -12"><span class='ocrx_word' id='word_1_163' title='bbox 1722 2337 1869 2390; x_wconf 79' lang='lat' dir='ltr'>Expe-</span> 
     </span>
    </p>
   </div>
  </div>
 </body>
</html>
