2034 2803
787 154 938 200 ἶ----
974 157 1129 216 (252)
1164 175 1316 190 —·-·

248 285 404 330 quente
438 274 616 317 ventrali
654 274 835 318 secunda
872 278 1098 332 separatur.
1159 279 1262 321 Non
1301 278 1490 320 constans
1528 277 1609 331 est,
1643 288 1690 320 vt
1724 279 1857 322 fibrae

247 341 343 381 istae
380 341 603 381 tendineae
640 342 751 382 inter
794 342 901 396 ipsas
947 343 1021 384 has
1068 343 1209 386 fascias
1257 345 1552 398 reperiantur5
1609 344 1860 400 frequenter

246 415 414 458 tamen,
453 405 525 446 nifi
561 406 672 447 inter
707 419 805 459 eas⁷
848 408 959 447 inter
994 409 1094 449 alias
1130 411 1305 464 reperiri
1343 410 1495 449 solent.
1566 409 1727 451 Natura
1765 421 1859 450 ten·

246 471 370 511 dinea
406 483 459 511 eo
496 470 636 511 minus
674 472 817 525 negari
853 472 902 512 iis
939 473 1108 526 potest,
1160 488 1258 515 cum
1304 487 1478 516 carneae
1524 472 1653 514 fibrae
1698 487 1858 528 penna-

246 536 324 575 tim
361 535 410 576 ab
448 535 498 574 iis
537 535 751 586 oriantur,
786 537 856 576 vel
892 536 1125 578 inserantur
1160 540 1201 578 in
1239 553 1322 579 eas.
1393 539 1439 579 In
1478 538 1562 578 hoc
1593 539 1723 578 corde
1763 539 1859 593 qui-

248 601 346 641 dem
382 614 403 640 a
439 600 660 653 posteriori
698 601 901 641 tendineo
938 600 1014 642 filo
1052 611 1171 643 ortae
1217 602 1485 644 transuerfim
1528 602 1657 643 fibrae
1702 604 1859 657 margi-

247 677 347 705 nem
381 663 525 703 versus
561 665 882 717 progrediendo
918 665 960 705 in
998 667 1184 707 anterius
1220 668 1459 708 instruntur
1488 667 1572 721 (a).
1624 667 1858 722 Aliaeque,

248 727 314 781 (h)
351 727 575 782 parallelae
611 728 718 780 filis,
763 730 813 769 ad
852 730 1089 783 marginem
1125 744 1261 785 vsque
1297 733 1577 786 perueniunt,
1625 731 1861 773 transeunt-

249 805 330 847 que
376 793 418 832 in
464 792 728 846 superiorem
773 794 1002 835 ventriculi
1047 795 1328 849 superficiem.
1407 797 1486 838 Vti
1528 797 1571 836 in
1614 797 1860 837 vniuersum

245 867 387 897 tamen
426 857 592 897 mediae
629 857 822 897 fibraein
855 858 933 898 hac
971 859 1164 898 inferiori
1201 861 1418 912 superficie
1456 861 1567 900 haud
1603 874 1753 914 parum
1789 874 1862 900 va-

244 921 352 962 riare
389 919 551 972 solent,
588 930 724 961 totam
761 921 868 962 hanc
904 923 1142 962 ventralem
1180 923 1348 965 fasciam
1385 937 1561 979 quoque
1598 923 1859 978 simplicibus

245 985 366 1026 fibris
404 986 566 1026 carneis
602 1000 623 1026 a
659 985 750 1026 stria
786 986 890 1026 oriri
928 997 970 1026 et
1005 986 1182 1040 oblique
1218 988 1361 1029 versus
1406 990 1670 1043 marginem,
1724 989 1859 1043 paral-

245 1049 461 1104 lelamque
498 1050 771 1103 angularibus
818 1050 988 1102 fasciis,
1042 1051 1299 1093 adscendere
1344 1053 1447 1092 vidi.
1520 1053 1567 1092 In
1604 1053 1689 1092 alio
1727 1054 1858 1093 corde

245 1114 380 1167 magis
418 1114 546 1154 etiam
582 1128 603 1154 a
640 1114 765 1153 duCtu
802 1116 1040 1153 transuerso
1077 1125 1295 1163 remotae7
1342 1114 1638 1154 adscendendo
1677 1115 1855 1168 oblique

244 1179 288 1219 in
325 1178 492 1218 tertiam
530 1178 775 1231 angularem
811 1177 1041 1217 maximam
1078 1188 1242 1230 partem
1278 1177 1592 1229 inserebantur.>
1629 1180 1767 1230 aliqua
1791 1192 1860 1218 ea-

243 1255 338 1284 rum
376 1243 578 1296 portione
614 1242 656 1280 in
693 1240 956 1292 superiorem
992 1239 1258 1291 superficiem
1292 1242 1552 1280 continuata.
1622 1241 1709 1281 Vbi
1749 1241 1859 1281 flexa

245 1306 450 1347 ventralis
498 1304 619 1346 fascia
665 1304 776 1344 circa
820 1303 1056 1355 marginem
1092 1303 1319 1342 ventriculi
1366 1302 1632 1356 superficiem
1671 1304 1858 1357 superio-

244 1384 337 1413 rem
374 1370 490 1412 nacta
530 1368 613 1419 est,
660 1367 757 1420 (c)
811 1368 936 1407 (luftu
981 1367 1138 1406 eodem
1177 1380 1273 1407 cum
1312 1367 1434 1406 fascia
1475 1368 1664 1421 angulari
1703 1370 1858 1420 tertia,

243 1448 395 1491 parum
431 1448 452 1475 a
490 1432 791 1487 longitudinali
829 1432 1094 1482 declinante,
1132 1431 1298 1484 angusta
1332 1430 1500 1472 fasciola
1536 1432 1776 1484 adscendit,
1812 1443 1859 1473 vt

242 1500 481 1554 marginem
518 1499 661 1538 versus
699 1496 917 1537 basilarcm
955 1495 1128 1535 tendere
1157 1497 1366 1537 videatur.
1436 1496 1550 1537 Mox
1585 1507 1725 1537 tamen
1763 1511 1858 1538 cur-

242 1574 364 1615 vata,
398 1562 597 1618 parallela
632 1562 732 1602 huic
770 1560 947 1614 margini
985 1570 1027 1599 et
1063 1559 1210 1600 fasciae
1249 1560 1467 1612 marginali
1491 1590 1503 1612 ⁷
1553 1562 1857 1614 progreditur,

242 1629 360 1669 fibris
396 1628 557 1681 vbique
595 1627 703 1666 inter
737 1625 776 1665 se
813 1625 1039 1678 parallelis.
1109 1624 1309 1677 Denique
1347 1625 1528 1674 receptis
1566 1627 1746 1666 omnino
1784 1626 1856 1667 sub

245 1693 417 1734 fasciam
453 1691 757 1744 marginalem,
809 1702 914 1741 quae
949 1700 1043 1728 eam
1080 1688 1189 1727 inter
1226 1698 1269 1727 et
1304 1687 1484 1740 primam
1522 1689 1756 1730 ventralem
1794 1691 1858 1729 in-

245 1757 513 1798 terceffcrant
548 1756 773 1805 haetenus,
811 1752 944 1793 fasciis
982 1751 1277 1805 angularibus.5
1317 1751 1494 1792 secunda
1532 1762 1572 1792 et
1609 1755 1757 1804 tertia,
1785 1754 1854 1808 (d)

246 1836 344 1863 cum
383 1820 601 1872 marginali
642 1818 728 1859 fere
766 1818 1005 1871 contingit⁷
1045 1816 1123 1868 (e)
1161 1828 1326 1869 rnaque
1365 1829 1462 1856 cum
1499 1830 1546 1858 ca
1581 1817 1649 1857 vel
1689 1818 1855 1870 transit,

245 1888 316 1928 vel
351 1885 497 1926 inserit
532 1884 595 1938 se,
632 1884 674 1924 in
711 1885 966 1923 transuerlas
1005 1880 1146 1922 fascias
1185 1880 1454 1934 posteriores.
1493 1879 1567 1936 (f)
1634 1881 1856 1922 Nimirum

1773 1946 1856 1986 sre-

325 2098 373 2141 (a
410 2096 493 2130 Tab.
522 2097 579 2131 IX.
605 2107 651 2138 4¹-
679 2107 729 2138 4²·

324 2146 381 2189 (b)
407 2147 490 2180 Tab.
520 2148 575 2181 lx'.
604 2157 654 2189 39.
683 2156 731 2187 43.

325 2197 388 2243 (c)
417 2197 499 2231 Tab.
531 2198 585 2229 N.
614 2207 665 2238 39.
696 2205 745 2236 43.
799 2192 884 2230 Tab.
914 2195 997 2229 VII.
1023 2206 1054 2230 Χ.
1081 2206 1109 2229 2.

325 2248 388 2292 (η’)
417 2247 503 2281 Tub.
535 2246 616 2280 Vll.
645 2259 674 2278 n.
704 2259 732 2279 v.
758 2256 802 2279 W.
831 2259 860 2280 v,
887 2256 915 2278 Χ.
943 2257 972 2280 x.

325 2299 387 2342 (c)
420 2298 499 2331 lab.
527 2298 601 2330 Vll.
631 2309 662 2339 y.

326 2347 389 2395 (s)
416 2348 502 2383 Tab.
528 2348 611 2383 Vll.
641 2359 665 2382 1.
692 2359 723 2390 y.
750 2357 775 2380 s,
